2800 4367
492 406 573 458 cnr.
599 406 685 468 rere,
710 403 722 463 t
745 405 832 458 41-47.
1162 391 1225 456 263

119 577 259 655 tridu03
282 585 360 663 post
386 578 475 645 diem
501 579 640 643 tertium
667 585 764 664 gesta
790 599 841 643 res
864 584 926 654 est,
955 598 1056 662 quam
1083 577 1174 642 dixe-

120 691 185 747 rat.
234 682 321 747 Cum
337 684 394 748 ille
411 705 479 748 non
495 683 658 748 dubitarit
681 682 819 767 aperire,
837 681 919 766 quid
936 683 1101 768 cogitarit,
1116 705 1174 748 vos
1197 695 1225 740 35

121 789 267 873 potestis
279 787 443 865 dubitare,
461 787 544 872 quid
556 786 696 852 fecerit?
720 803 811 850 xvn.
859 785 1171 865 Quemadmodum
1184 790 1224 851 45

122 894 230 978 igitur
260 915 337 957 eum
368 893 438 958 dies
470 914 538 956 non
568 891 714 957 fefellit?
759 891 841 954 Dixi
872 890 1029 975 equidem
1060 891 1168 980 modo.

123 997 308 1062 Dictatoris
333 998 502 1062 Lanuvini
516 1003 605 1061 stata
629 997 791 1061 sacrificia
815 1017 911 1060 nosse
936 997 1063 1082 negotii
1087 997 1171 1060 nihil

122 1108 205 1164 erat.
251 1101 351 1166 Vidit
378 1123 510 1166 necesse
542 1123 614 1166 esse
641 1100 762 1164 Miloni
789 1101 952 1185 proficisci
981 1100 1171 1166 Lanuvium

122 1205 183 1268 illo
199 1205 282 1290 ipso,
299 1227 367 1290 quo
391 1213 443 1270 est
462 1204 644 1290 profectus,
667 1204 721 1268 die
745 1206 860 1289 itaque
885 1206 1077 1270 antevertit.
1123 1206 1174 1269 At
1195 1223 1210 1267 5

123 1330 192 1393 quo
219 1308 297 1373 die?
343 1309 430 1388 Quo,
448 1316 487 1373 ut
511 1316 588 1374 ente
618 1307 700 1385 dixi,
725 1306 793 1372 fuit
823 1309 1033 1372 insanissima
1056 1309 1168 1373 contio

70 1474 75 1480 .
121 1412 165 1476 ab
181 1414 286 1498 ipsius
300 1414 527 1478 mercennario
544 1412 677 1476 tribuno
695 1413 739 1497 pl.
757 1413 940 1486 concitata3
965 1433 1065 1495 quern
1082 1411 1171 1477 diem

121 1516 191 1592 ille,
210 1538 313 1601 quam
328 1518 527 1594 contionem,
546 1538 631 1601 quos
647 1516 819 1592 clarnoreS,
837 1517 902 1580 nisi
918 1515 961 1579 ad
984 1517 1170 1602 cogitatum

122 1619 256 1684 facinus
275 1620 521 1706 adproperaret,
546 1641 732 1705 numquam
756 1620 956 1704 reliquisset.
1003 1620 1095 1706 Ergo
1118 1620 1167 1683 illi

122 1747 166 1789 ne
181 1746 282 1789 causa
298 1724 437 1809 quidem
453 1725 593 1801 itineris
612 1725 713 1789 etiam
737 1745 836 1788 causa
860 1723 1027 1800 manendi,
1051 1723 1171 1788 Miloni
1195 1740 1224 1785 10

122 1828 283 1893 manendi
300 1828 395 1891 nulla
411 1828 564 1904 facultas,
582 1828 730 1893 exeundi
754 1849 821 1892 non
846 1849 946 1892 causa
969 1829 1087 1904 solum,
1111 1828 1171 1893 sed

121 1935 224 1997 etiam
248 1933 428 1997 necessitas
447 1932 523 1997 fuit.
571 1932 673 2011 Quid,
690 1933 728 2009 si,
747 1941 786 1997 ut
801 1932 858 1996 ille
882 1933 983 1996 scivit
1006 1932 1168 2023 Milonem

120 2037 194 2101 iore
210 2060 250 2102 eo
266 2036 321 2101 die
337 2038 371 2100 in
389 2037 452 2114 via,
469 2039 517 2101 sic
536 2035 693 2100 Clodium
707 2036 791 2100 Milo
804 2058 845 2100 ne
859 2037 1021 2121 suspicari
1035 2036 1171 2121 quidem

120 2142 260 2227 potuit?
305 2141 458 2205 Primum
483 2163 616 2226 quaero,
642 2143 701 2226 qui
729 2140 764 2204 id
787 2142 870 2206 seire
894 2141 1051 2225 potuerit,
1077 2141 1168 2226 quod
1183 2146 1223 2207 46

120 2269 182 2311 vos
207 2246 296 2311 idem
324 2247 359 2310 iu
388 2246 507 2312 Clodio
536 2268 695 2330 quaerere
721 2267 788 2310 non
814 2246 964 2331 potestis.
1010 2244 1061 2309 Ut
1083 2247 1172 2310 enim
1195 2261 1223 2306 15

119 2353 290 2416 neminem
306 2352 411 2414 aliurn
427 2353 491 2415 nisi
509 2351 548 2414 T.
567 2352 732 2428 Patinam,
746 2351 1045 2415 familiarissimum
1060 2372 1168 2428 suum,

119 2448 283 2542 rogasset,
306 2457 389 2520 scire
413 2457 526 2540 potuit
549 2456 608 2520 illo
633 2457 706 2540 ipso
731 2455 784 2520 die
810 2454 942 2519 Lanuvi
967 2477 985 2518 a
1005 2455 1167 2520 dictatore

120 2561 251 2624 Milone
275 2560 371 2644 prodi
395 2553 563 2624 flaminem
586 2581 721 2625 necesse
751 2581 835 2624 esse.
883 2559 951 2624 Sed
982 2566 1077 2624 erant
1099 2583 1170 2644 per-

119 2665 221 2728 multi
244 2664 311 2740 alii,
341 2664 530 2749 exquibus
559 2663 595 2726 id
622 2663 780 2728 facillime
805 2664 889 2728 seire
914 2671 1036 2748 posset.
1083 2663 1167 2728 Milo

118 2767 163 2832 de
196 2767 295 2832 Clodi
333 2768 444 2832 reditu
484 2768 573 2833 unde
615 2768 807 2853 quaesivit?
865 2767 1055 2847 Quaesierit
1091 2785 1223 2833 sanem

121 2872 268 2957 (videte,
285 2872 369 2957 quid
385 2872 479 2937 vobis
492 2873 647 2960 largiar),
661 2894 797 2938 servum
810 2873 920 2949 etiam,
934 2880 974 2937 ut
984 2872 1026 2952 Q.
1040 2872 1171 2950 Arrius

117 2998 215 3042 meus
232 2977 369 3052 amicus,
386 2976 484 3054 dixit,
503 2979 700 3062 corruperit.
749 2977 866 3064 Legite
894 2978 1083 3042 testimonia
1107 2985 1171 3042 tes-

17 3093 18 3175 }
116 3082 207 3144 tium
220 3089 418 3146 vestrorum.
459 3081 560 3146 Dixit
572 3081 610 3145 C.
625 3081 805 3146 Causinius
818 3081 938 3146 Schola
953 3083 1169 3157 interamnas,

72 3173 77 3180 ’
116 3184 401 3250 familiarissimus
419 3193 454 3249 et
469 3184 557 3250 idem
573 3207 682 3250 eomes
700 3185 809 3261 Clodi,
832 3186 927 3250 cuius
952 3186 1016 3248 iam
1040 3183 1170 3269 pridem

17 3346 18 3355 ,
115 3291 314 3354 testimonio
339 3289 479 3354 Clodius
503 3289 619 3354 eadem
650 3290 730 3354 hora
761 3289 973 3354 interamnae
1001 3288 1114 3354 iuerat
1136 3298 1171 3354 et
1194 3305 1222 3350 25

17 3398 18 3419 ¹
116 3393 255 3470 Romae,
288 3394 327 3456 P.
363 3394 521 3458 Clodium
553 3395 611 3458 illo
650 3394 704 3459 die
735 3395 771 3457 in
802 3394 936 3458 Albano
974 3415 1168 3459 mansurum

115 3496 236 3573 fuisse,
253 3497 313 3562 sed
328 3497 441 3562 subito
457 3499 487 3564 ei
504 3520 575 3564 esse
591 3499 785 3563 nuntiatum
802 3497 929 3584 Cyrum
948 3498 1168 3562 architectum

115 3621 191 3665 esse
229 3609 410 3680 mortuum,
449 3605 564 3688 itaque
605 3610 741 3688 repente
774 3603 915 3667 Romam
952 3603 1167 3668 constituisse

115 3705 294 3788 proficisci.
342 3706 441 3770 Dixit
456 3707 519 3772 hoo
536 3729 646 3773 eomes
662 3708 742 3772 item
760 3707 798 3770 P.
817 3706 925 3783 Clodi,
952 3706 989 3770 C.
1016 3707 1166 3772 Clodius.

115 3825 227 3873 xvm.
252 3809 388 3886 Videte,
406 3810 543 3889 iudices
562 3819 707 3896 quantae
725 3833 776 3876 res
799 3810 850 3875 his
876 3811 1078 3876 testimoniis
1101 3813 1169 3876 sint
1180 3812 1218 3872 47

115 3912 304 3980 confectae.
351 3913 503 3978 Primum
519 3923 609 3980 certe
622 3915 785 3980 liberatur
797 3914 881 3978 Milo
894 3937 960 3979 non
974 3937 1013 3979 eo
1026 3915 1164 3979 consilio
