2800 4367
191 312 233 379 82
445 324 587 375 enarro
611 324 650 373 m
674 322 889 372 crrmmau
914 319 1063 369 suarm.

190 518 218 561 ao
240 496 400 583 publicae.
449 494 617 560 Dissensit
637 494 684 557 M.
703 492 851 578 Lepidus
873 514 894 556 a
916 490 1105 557 clarissimo
1129 496 1169 555 et
1190 489 1298 554 fortis

239 604 323 667 simo
340 602 421 677 viro,
444 600 486 679 Q.
511 599 652 673 Catulo;
676 598 796 663 attulit
817 618 886 661 11011
910 604 979 661 tam
1003 596 1114 679 ipsius
1138 596 1298 659 interitus

187 712 226 775 25
239 708 285 771 rei
318 704 469 790 publicae
502 704 632 767 luctum
665 722 767 787 quam
802 708 999 765 ceterorum.
1062 700 1191 785 Atque
1220 699 1298 763 illae

240 820 349 875 tanuen
367 830 482 891 omnes
498 806 724 873 dissensiones
739 814 836 871 erant
851 806 925 869 eius
941 803 1044 880 modi,
1060 826 1156 889 quae
1172 825 1241 867 non
1256 803 1299 866 ad

238 912 425 987 delendam,
448 911 509 975 sed
532 910 574 975 ad
598 908 868 975 commutandam
893 930 963 973 rem
989 908 1168 993 publicam
1202 910 1300 993 perti·

187 1036 216 1081 ao
239 1026 366 1083 nerent.
415 1014 490 1079 Non
518 1015 568 1079 illi
596 1014 724 1078 nullam
741 1034 813 1079 esse
829 1034 898 1077 rem
917 1012 1100 1098 publicam,
1118 1012 1185 1079 sed
1200 1013 1235 1075 in
1250 1033 1299 1086 ea,

240 1138 326 1203 quae
354 1124 451 1189 esset,
468 1136 503 1179 se
527 1136 598 1179 esse
625 1114 804 1199 principes,
821 1102 932 1198 neque
960 1113 1046 1177 hanc
1073 1113 1200 1177 urbem
1226 1133 1300 1176 con-

242 1220 390 1307 flagrare,
407 1218 466 1283 sed
481 1241 516 1283 se
541 1220 575 1281 in
599 1219 660 1283 hac
684 1217 766 1283 urbe
789 1216 907 1284 florere
931 1218 1131 1283 voluerunt.
1181 1217 1299 1301 Atque

242 1326 318 1389 illae
337 1332 447 1388 tarnen
468 1344 582 1387 omnes
606 1321 841 1399 dissensiones
858 1343 1002 1407 quarum
1027 1322 1128 1386 nulla
1150 1322 1298 1387 exitium

240 1431 288 1494 rei
305 1428 456 1514 publicae
473 1428 652 1511 quaesivit,
670 1428 743 1493 eius
759 1417 850 1491 modi
865 1426 1017 1501 fuerunt,
1033 1434 1076 1491 ut
1090 1447 1164 1491 11011
1190 1447 1302 1491 recon-

188 1546 218 1593 30
240 1532 408 1597 ciliatione
418 1528 623 1606 concordiae,
631 1528 691 1595 sed
703 1529 931 1595 internecione
945 1530 1072 1594 civium
1087 1527 1299 1594 diiudicatae

241 1638 318 1701 sint.
375 1635 413 1698 111
446 1634 507 1698 hoc
539 1644 652 1699 autem
682 1656 752 1699 unc
781 1643 860 1719 post
888 1634 1060 1697 hominum
1098 1636 1300 1699 memoriam
1366 1711 1367 1735 χ

241 1741 386 1804 maximo
423 1738 726 1824 crudelissimoque
764 1738 863 1816 bello,
894 1739 995 1825 quale
1033 1737 1166 1803 bellum
1204 1739 1300 1803 nulla
1368 1820 1369 1831 ἵ

242 1866 400 1930 umquam
418 1843 568 1909 barbaria
584 1865 659 1908 cum
677 1865 739 1908 sua
753 1851 853 1930 gente
869 1844 985 1929 gessit,
1001 1865 1070 1928 quo
1086 1845 1124 1907 in
1136 1843 1233 1908 bello
1243 1845 1300 1909 lex

241 1948 320 2013 haec
350 1949 419 2012 fuit
448 1970 467 2012 a
495 1947 651 2025 Lentule,
683 1947 841 2025 Catilina,
869 1947 1033 2034 Cethego,
1064 1946 1187 2013 Cassio
1224 1970 1299 2013 con-

187 2070 216 2115 31
239 2054 369 2129 stituta,
386 2060 426 2117 ut
441 2074 565 2128 omnes
583 2052 643 2136 qui
663 2053 759 2117 salva
781 2051 864 2117 urbe
886 2052 972 2118 salvi
995 2074 1067 2117 esse
1090 2061 1248 2137 possent,
1262 2055 1298 2117 in

240 2157 388 2222 hostium
410 2178 549 2221 numero
572 2155 786 2233 ducerentur,
802 2158 850 2221 ita
872 2179 925 2222 me
946 2158 1046 2250 gessi,
1064 2155 1236 2235 Quirites,
1259 2166 1301 2221 ut

240 2262 326 2327 salvi
345 2282 461 2326 ornnes
485 2261 776 2336 conservaremini‚
793 2269 838 2338 et,
855 2283 933 2326 cum
955 2262 1069 2325 hostes
1091 2263 1201 2326 vestri
1227 2271 1299 2327 tan·

241 2374 313 2431 tum
330 2366 453 2431 civium
472 2363 730 2448 superfuturum
747 2373 933 2449 putassent,
950 2372 1116 2449 quantum
1139 2365 1298 2430 infinitae

240 2469 333 2536 caedi
350 2470 540 2546 restitisset,
559 2476 691 2533 tanturn
708 2477 822 2533 autem
846 2470 948 2546 urbis,
967 2475 1134 2554 quantum
1158 2467 1299 2533 flamma

188 2592 217 2635 40
240 2573 793 2657 0111011011001111110101111110111
820 2582 856 2639 et
881 2575 965 2639 civis
992 2574 1143 2660 integros
1167 2574 1300 2639 ineolu-

240 2700 376 2763 mesque
393 2678 533 2743 servavi.

188 2788 227 2849 26
280 2799 332 2845 xr.
357 2780 488 2861 Quibus
512 2783 696 2867 protentis
720 2781 829 2859 rebus,
854 2782 1015 2862 Quirites,
1039 2781 1176 2847 nullum
1192 2804 1299 2870 egoa

242 2885 335 2952 vobis
350 2886 536 2971 praemium
559 2886 707 2963 virtutis,
732 2887 864 2951 nullum
892 2889 1024 2974 insigne
1048 2887 1197 2963 honoris,
1221 2887 1298 2950 nul-

240 2992 312 3055 lum
339 2996 595 3055 mouumentum
620 2990 731 3054 laudis
758 2992 893 3075 postulo
923 3000 1158 3077 praeterquam
1190 2991 1295 3057 huius

242 3094 310 3160 diei
340 3095 532 3158 memoriam
559 3095 806 3179 sempiternam.
853 3095 895 3159 In
925 3096 1044 3160 animis
1074 3117 1138 3182 ego
1169 3096 1295 3161 vestris

202 3212 354 3261 somnes
396 3197 583 3282 triumphos
621 3219 723 3274 meos,
763 3200 874 3263 omnia
913 3206 1108 3265 ornamenta
1143 3198 1292 3275 honoris

242 3307 458 3365 monumenta
480 3301 617 3387 gloriae,
641 3301 750 3366 laudis
778 3303 924 3389 insignia
953 3303 1054 3368 condi
1075 3312 1112 3369 et
1133 3304 1293 3369 collocari

243 3403 329 3469 volo.
375 3402 469 3467 Nihil
486 3427 538 3469 me
554 3412 688 3469 mutum
704 3412 816 3491 potest
836 3406 1013 3485 delectare,
1030 3408 1116 3473 nihil
1137 3409 1290 3481 tacitum,

241 3508 327 3573 nihil
348 3504 494 3593 denique
519 3508 591 3573 eius
615 3509 716 3586 modi,
741 3508 957 3596 quodetiam
983 3513 1094 3575 minus
1118 3509 1215 3596 digni
1237 3509 1291 3573 ad·

241 3613 338 3698 sequi
361 3612 501 3697 possint.
549 3611 712 3676 Memoria
742 3621 865 3688 vestra,
895 3613 1055 3693 Quirites,
1080 3620 1215 3677 nostrae
1238 3634 1288 3677 res

191 3732 220 3778 10
241 3717 385 3793 alentur,
408 3713 617 3781 sermonibus
648 3724 809 3793 crescent,
842 3717 1031 3780 litterarum
1063 3718 1286 3780 monumentis

242 3822 489 3886 inveterascent
504 3827 539 3883 et
554 3818 879 3893 corroborabuntur3
903 3819 1109 3902 eandemque
1131 3818 1219 3883 diem
1243 3821 1287 3881 in-
