2800 4367
431 330 511 380 car.
538 331 626 396 iera,
649 331 664 392 ς
685 331 774 380 aas.
1140 317 1199 382 111

79 506 217 576 rasset,
249 521 326 566 cum
356 499 398 564 ad
434 522 591 566 occasum
628 502 871 586 interitumque
909 502 958 565 rei
995 500 1148 586 publicae

81 600 251 667 Catilina
265 605 301 667 in
317 606 445 682 castris,
458 606 494 668 in
505 606 558 670 his
570 613 684 672 autem
697 606 831 691 templis
847 613 949 690 atque
966 607 1064 670 tectis
1077 605 1147 670 dux

81 704 270 772 Lentulus
293 716 382 774 esset
403 697 620 786 constitutus,
644 711 727 774 meis
750 709 907 786 consiliis,
925 709 1006 774 meis
1034 709 1150 775 labori·
1172 725 1203 772 ao

81 808 170 887 buS,
197 813 263 876 mei
286 813 404 897 capitis
432 813 600 898 periculis,
624 815 696 879 sine
725 814 887 890 tumulto,
910 814 982 879 sine
1009 812 1146 891 dilectu,

80 914 171 979 sine
207 917 318 993 armis,
353 917 425 982 sine
464 915 626 995 enercitu,
659 919 811 1003 quinque
839 917 1029 982 homiuibus
1063 941 1148 982 com·

82 1018 274 1101 prehensis
307 1027 410 1106 atque
444 1020 608 1088 confessis
646 1023 840 1087 incensione
880 1021 1007 1096 urbem,
1048 1024 1148 1088 inter-

82 1123 231 1188 nieioue
256 1125 357 1202 cives,
375 1127 531 1190 vastitate
556 1109 700 1202 Italiam,
719 1126 859 1190 interitu
882 1147 952 1190 rem
980 1125 1146 1210 publicam

83 1224 239 1291 liberavi
251 1251 260 1304 ;
278 1249 340 1315 ego
354 1230 459 1293 vitam
471 1231 622 1294 omnium
634 1231 771 1306 civium,
784 1237 911 1294 statum
927 1230 1015 1294 orbis
1031 1239 1148 1308 terrae,
1172 1248 1202 1292 ac

85 1330 217 1396 urbem
242 1331 328 1396 hanc
352 1332 510 1418 denique,
529 1333 642 1398 sedem
670 1335 820 1399 omnium
848 1342 1012 1411 nostrum,
1036 1357 1147 1400 arcem

84 1456 217 1520 regum
241 1457 280 1500 ac
303 1438 479 1501 nationum
506 1445 707 1514 exterarum,
725 1438 839 1502 lumen
867 1439 1030 1525 gentium,
1047 1439 1149 1502 domi·

84 1538 214 1602 cilium
231 1540 372 1624 imperii,
389 1542 541 1627 quinque
558 1541 733 1606 homiuum
751 1543 937 1606 amentium
952 1561 989 1606 ae
1006 1542 1149 1627 perdito·

84 1665 172 1706 rum
188 1664 298 1728 poena
313 1643 448 1709 redemi.
495 1645 551 1708 Aa
569 1667 620 1710 me
637 1647 839 1711 existimasti
863 1645 944 1710 haec
966 1647 1149 1711 iniuratum
1162 1653 1202 1714 34

85 1748 129 1809 iu
145 1745 275 1812 iudicio
298 1769 366 1812 non
389 1770 461 1814 esse
484 1748 665 1826 dicturum,
682 1771 769 1835 quae
795 1751 923 1814 iuratus
947 1751 982 1813 in
1006 1753 1202 1815 maximam
1246 1831 1250 1841 ¹

86 1852 255 1916 contione
271 1850 458 1918 dixissem?
503 1871 569 1916 ΧΠ.
602 1854 719 1938 Atque
736 1855 838 1919 etiam
854 1853 940 1917 illud
961 1853 1092 1930 addam,
1106 1878 1147 1921 ne

88 1955 156 2040 qui
170 1954 259 2020 forte
272 1957 412 2040 incipiat
426 1957 586 2042 inprobus
602 1957 714 2022 subito
732 1966 764 2022 te
780 1979 900 2034 amare,
918 1957 1100 2042 Torquate,
1114 1969 1149 2024 et

87 2058 227 2144 aliquid
242 2081 376 2144 sperare
392 2059 434 2126 de
451 2068 495 2137 te,
511 2069 625 2146 atque,
643 2068 683 2125 ut
702 2060 791 2125 idem
815 2082 929 2125 omnes
953 2062 1146 2140 exaudiant,

87 2165 283 2228 clarissima
309 2187 390 2230 voce
417 2164 547 2229 dicam:
585 2165 716 2229 Harum
743 2165 892 2229 omnium
919 2187 1040 2242 rerum,
1065 2189 1148 2251 quas

88 2289 157 2354 ego
174 2269 211 2331 iu
227 2270 407 2333 consulatu
422 2291 482 2354 pro
505 2270 614 2333 salute
638 2270 687 2334 rei
710 2268 862 2353 publicae
885 2270 1019 2353 suscepi
1047 2278 1148 2354 atque

88 2372 196 2457 gessi,
214 2371 252 2434 L.
271 2373 328 2437 ille
345 2373 550 2458 Torquatus,
568 2394 646 2437 cum
668 2381 758 2438 esset
781 2393 874 2436 meus
898 2373 1147 2439 contubernalis

89 2476 129 2538 in
157 2477 340 2541 consulatu
366 2485 469 2563 atque
496 2478 599 2542 etiam
627 2478 661 2540 in
688 2484 845 2561 praetura
873 2475 1003 2552 fuisset,
1019 2486 1146 2553 auctor,

90 2579 241 2656 adiutor,
266 2582 433 2665 particeps
460 2582 589 2658 extitit,
617 2603 693 2645 cum
722 2581 886 2665 princeps,
914 2601 991 2644 cum
1021 2589 1147 2658 auctor,

90 2707 174 2749 cum
190 2684 334 2772 signifer
348 2694 438 2753 esset
453 2686 664 2760 iuventutis3
688 2706 809 2769 parens
825 2685 907 2760 eius,
924 2683 1021 2748 homo
1040 2707 1149 2750 aman-

92 2790 249 2853 tissimus
272 2790 411 2873 patriae,
428 2790 564 2853 maximi
593 2791 707 2866 animi,
731 2789 852 2853 summi
876 2789 1015 2864 consilii,
1039 2791 1150 2876 singu·
1174 2809 1203 2854 10

91 2893 175 2957 laris
200 2894 421 2970 constantiae,
435 2915 512 2957 cum
527 2901 616 2958 esset
630 2915 739 2980 aeger,
754 2901 862 2956 tamen
881 2891 1033 2956 omnibus
1049 2893 1159 2958 rebus¹

93 2997 163 3060 illis
188 2995 357 3072 interfuit,
374 3018 542 3083 nusquam
558 3006 611 3063 est
625 3019 644 3061 a
660 3019 712 3068 me
737 2997 917 3082 digressus,
934 2995 1057 3071 studio,
1075 3019 1149 3061 con-

93 3102 183 3177 silio,
201 3102 404 3166 auctoritate
422 3123 510 3166 unus
526 3102 659 3166 adiuvit
674 3101 867 3186 plurimum,
885 3121 960 3164 cum
979 3099 1149 3166 infirmita·

94 3213 166 3268 tem
197 3206 347 3289 corporis
380 3207 508 3271 virtute
541 3207 643 3270 animi
681 3213 866 3289 superaret.
924 3202 1082 3279 Videsne,
1112 3210 1201 3273 urat

95 3309 238 3393 eripiam
255 3317 288 3374 te
305 3331 348 3373 ex
367 3308 594 3393 improborum
616 3308 729 3373 subita
751 3308 859 3394 gratia
882 3315 916 3371 et
939 3309 1150 3373 reconciliem
1174 3327 1202 3372 1⁵

94 3411 194 3476 bonis
217 3411 402 3476 omnibus?
424 3413 485 3498 qui
508 3421 542 3477 te
565 3421 599 3476 et
622 3411 771 3498 diligunt
793 3419 829 3475 et
855 3412 1003 3475 retinent
1031 3414 1150 3478 retine·

95 3515 255 3601 buntque
270 3538 405 3601 semper
428 3538 500 3591 nec,
516 3517 544 3579 si
561 3515 648 3580 forte
664 3537 683 3578 a
698 3537 751 3578 me
768 3513 957 3590 desciveris,
976 3514 1098 3580 idcirco
1115 3525 1148 3581 te

97 3641 115 3683 a
128 3643 166 3685 se
182 3627 220 3684 et
234 3641 255 3684 a
270 3619 455 3705 republica
470 3629 505 3684 et
520 3642 538 3682 a
551 3628 610 3683 tua
625 3619 792 3704 dignitate
809 3616 948 3681 deficere
965 3620 1148 3701 patientur.

99 3723 163 3787 Sed
180 3725 250 3787 iam
265 3724 366 3788 redeo
381 3723 424 3787 ad
440 3745 574 3787 oausam
590 3730 691 3806 atque
708 3723 769 3785 hoc
787 3743 855 3797 vos,
872 3721 1010 3798 iudices,
1025 3731 1148 3788 testor:

100 3825 184 3893 Mihi
201 3826 244 3894 de
261 3835 387 3894 memet
401 3827 476 3912 ipso
492 3835 560 3890 tam
578 3827 684 3889 multa
699 3824 833 3890 dicendi
856 3825 1036 3890 necessitas
1053 3849 1152 3911 quae·
1174 3844 1205 3892 ao
