2800 4367
205 319 268 388 216
551 333 632 386 rso.
657 335 688 387 r.
713 334 839 388 srsrro
862 333 1012 388 osrrro.

253 529 395 592 sperare,
420 507 502 594 quid
525 507 705 573 maioribus
732 509 803 573 suis
826 507 966 574 reddere
993 507 1141 588 deberet,
1163 507 1308 597 diligen-

256 613 383 678 tissime
399 613 579 698 cogitabat.

109 783 111 787 ,
204 721 243 782 88
302 734 375 779 xer.
401 717 491 781 Huic
529 718 689 804 gravitati
718 718 862 782 hominis
889 716 1026 784 videbat
1052 717 1110 783 ille
1135 717 1309 805 gladiator

255 843 302 898 se,
318 822 347 885 si
362 822 509 886 moribus
525 829 649 908 ageret,
667 843 777 906 parem
795 843 952 887 essenon
968 843 1086 907 posse;
1110 821 1153 887 ad
1165 822 1307 901 ferrum,

258 916 359 1002 faces
375 926 418 989 ad
434 925 636 989 cotidianam
660 925 806 1003 caedem,
824 925 990 1004 incendia,
1015 927 1149 1012 rapinas
1165 949 1201 993 se
1227 950 1309 993 cum

257 1029 408 1093 exercitu
439 1050 502 1093 suo
524 1028 689 1103 eontulit3
725 1028 861 1094 domurn
893 1051 1099 1116 oppugnare,
1123 1031 1308 1096 itineribus

217 1149 436 1208 toccurrere,
460 1135 494 1198 vi
522 1134 684 1199 lacessere
712 1141 748 1198 et
775 1142 897 1199 terrere
928 1135 1048 1219 coepit.
1094 1134 1172 1198 Non
1196 1137 1310 1200 movit

256 1229 422 1301 hominem
439 1259 569 1301 summa
591 1239 759 1325 gravitate
784 1258 982 1322 summaque
1009 1240 1220 1314 constantia3
1247 1239 1310 1304 sed

256 1324 459 1426 quamquam
490 1341 587 1406 dolor
609 1343 724 1418 animi,
754 1343 869 1406 innata
895 1342 1041 1419 libertas,
1069 1351 1228 1428 prompta
1252 1366 1311 1408 ex-

255 1446 448 1530 cellensque
465 1447 575 1513 virtus
586 1444 808 1510 fortissimum
825 1447 934 1511 virum
959 1446 1164 1523 hortabatur,
1181 1449 1218 1512 vi
1236 1450 1310 1513 vim

257 1549 412 1626 oblatam,
433 1551 628 1635 praesertim
651 1552 796 1634 saepius,
813 1559 853 1615 ut
877 1550 1048 1637 frangeret
1069 1558 1104 1615 et
1127 1550 1308 1628 refutaret,

204 1661 348 1718 rotante
378 1655 562 1719 moderatio
592 1654 661 1718 fuit
689 1654 845 1732 hominis,
877 1662 1008 1720 tantum
1041 1656 1234 1733 consilium,
1270 1666 1311 1720 ut

255 1759 443 1823 contineret
472 1758 619 1823 dolorem
650 1780 761 1844 neque
792 1758 906 1824 eadem
940 1781 975 1823 se
1006 1781 1040 1823 re
1072 1760 1308 1837 ulcisceretur,

254 1883 322 1946 qua
353 1870 442 1927 esset
471 1863 655 1937 lacessitae,
681 1863 743 1927 sed
773 1862 870 1927 illum
896 1870 948 1927 tot
972 1864 1036 1927 iam
1061 1864 1097 1926 in
1123 1863 1310 1930 funeribus

254 1966 302 2030 rei
331 1966 486 2051 publicae
517 1967 728 2032 exultantem
768 1988 806 2031 ac
834 1967 1076 2052 tripudiantem
1114 1968 1245 2054 legum,
1279 1972 1308 2035 si

202 2074 242 2137 89
257 2079 380 2155 posset,
408 2072 538 2156 laqueis
564 2073 818 2159 constringeret.
865 2071 1052 2137 Descendit
1076 2072 1119 2136 ad
1144 2093 1310 2138 accusan-

202 2190 231 2234 15
252 2175 342 2241 durn.
390 2175 476 2255 Quis
505 2198 664 2262 umquam
695 2185 764 2241 tam
788 2177 920 2260 proprie
943 2177 992 2241 rei
1016 2176 1172 2260 publicae
1188 2199 1307 2255 causa,
1368 2215 1369 2218 ¹

256 2281 570 2358 nullis-inimicitiis,
587 2283 691 2345 nullis
708 2281 873 2364 praemiis,
890 2281 985 2344 nulla
1000 2281 1175 2344 hominum
1187 2291 1309 2366 postu-

253 2384 378 2449 latione
394 2387 570 2450 autetiam
587 2386 745 2470 opinione
762 2383 797 2447 id
813 2406 889 2448 eum
914 2406 1076 2470 umquam
1090 2407 1170 2450 *esse
1194 2384 1309 2452 factu-

253 2489 352 2552 rum?
397 2489 509 2554 Fracti
541 2498 638 2554 erant
667 2490 770 2552 animi
801 2489 963 2564 hominis3
995 2489 1057 2555 hoc
1084 2492 1173 2555 enirn
1204 2511 1309 2556 accu-

255 2601 350 2657 sante
366 2594 499 2677 pristini
514 2594 607 2658 illius
622 2594 676 2657 sui
693 2592 811 2657 iudicii
825 2593 1073 2678 turpitudinem
1089 2593 1306 2678 desperabat.

199 2710 230 2755 ao
251 2695 339 2761 Ecce
377 2697 438 2761 tibi
469 2698 596 2773 consul,
638 2705 779 2782 praetor,
812 2696 969 2762 tribunus
1007 2698 1053 2782 pl.
1096 2719 1182 2764 nova
1219 2703 1306 2765 novi

252 2803 383 2886 generis
406 2801 516 2865 edicta
545 2797 749 2886 proponunt,
782 2822 822 2866 ne
854 2821 931 2865 reus
963 2799 1060 2878 adsit,
1091 2823 1132 2866 ne
1164 2803 1305 2882 citetur,

254 2926 297 2970 ne
313 2914 503 2990 quaeratur,
520 2927 562 2969 ne
580 2907 785 2971 mentionem
808 2905 944 2970 omnino
967 2905 1124 2990 cuiquam
1147 2905 1304 2972 iudicum

252 3017 313 3072 aut
349 3009 549 3073 iudiciorum
582 3009 690 3074 facere
722 3008 842 3074 liceat!
889 3008 983 3089 Quid
1020 3018 1136 3096 ageret
1173 3011 1226 3074 vir
1257 3013 1304 3077 ad

252 3113 423 3188 virtutem,
451 3113 662 3198 dignitatem,
694 3114 836 3199 gloriam
864 3122 964 3179 natus
992 3114 1028 3180 vi
1058 3115 1302 3181 sceleratorum

199 3230 228 3276 aa
250 3215 421 3279 hominum
452 3216 681 3293 conroborata,
721 3216 853 3303 legibus
891 3217 1096 3303 iudiciisque
1128 3219 1301 3286 sublatis?

252 3319 408 3384 Cervices
440 3320 597 3384 tribunus
636 3322 681 3406 pl.
714 3322 857 3405 privato,
896 3324 1206 3406 praestantissimus
1247 3327 1303 3390 vir

248 3423 518 3510 profligatissimo
553 3425 680 3489 homini
721 3425 817 3490 daret
850 3447 893 3489 an
931 3447 1065 3492 causam
1104 3435 1300 3512 susceptam

250 3528 396 3593 abiceret
410 3550 452 3592 an
468 3551 502 3593 se
524 3529 615 3592 domi
636 3529 848 3594 contineret?
894 3529 942 3594 Et
963 3531 1055 3596 vinci
1078 3537 1177 3616 turpe
1202 3540 1300 3616 puta·

249 3633 301 3697 vit
315 3639 351 3698 et
365 3632 524 3698 deterreri
540 3641 575 3698 et
590 3633 693 3699 latere
708 3658 716 3709 ;
739 3633 892 3718 perfecit,
917 3641 966 3712 nt,
991 3636 1153 3719 quoniam
1174 3636 1238 3702 sibi
1260 3638 1299 3703 in

196 3751 226 3796 ao
246 3737 344 3802 illum
359 3739 490 3826 legibus
515 3741 565 3804 uti
589 3761 655 3803 non
678 3739 805 3816 liceret,
830 3739 923 3803 illius
947 3739 1016 3803 vim
1038 3761 1150 3825 neque
1173 3741 1210 3805 in
1232 3762 1298 3808 suo

249 3861 360 3926 neque
377 3843 412 3904 in
428 3845 475 3905 rei
491 3843 644 3925 publicae
661 3843 811 3925 periculo
828 3844 1088 3924 pertimesceret.
