2800 4367
446 984 450 992 ι

223 1108 442 1191 ounrro
483 1109 549 1189 m
590 1109 929 1191 carloman
970 1110 1158 1193 rami

468 1354 517 1413 IN
547 1354 724 1415 SENATU
752 1354 930 1414 HABITA.
967 1352 970 1359 ’

540 1604 840 1613 ———.-.-

218 1818 242 1863 1.
275 1799 475 1885 Quousque
493 1798 628 1863 tandem
646 1798 793 1875 abutere,
807 1798 965 1875 Catilina,
983 1800 1146 1884 patientia
1161 1823 1216 1865 no·
1232 1804 1248 1865 1

163 1904 255 1969 stra?
302 1925 403 1989 quam
434 1902 494 1966 diu
525 1904 625 1967 etiam
657 1902 751 1967 furor
781 1903 844 1968 iste
877 1910 956 1967 tuus
987 1925 1048 1968 nos
1075 1904 1215 1968 eludet?

163 2031 264 2093 quem
280 2006 322 2071 ad
338 2007 438 2071 finem
448 2028 520 2071 sese
532 2006 695 2071 effrenata
711 2006 850 2071 iactabit
864 2007 1028 2071 audacia?
1075 2007 1213 2089 Nihilne

154 2121 197 2177 te
225 2119 427 2177 nocturnum
457 2110 661 2195 praesidium
689 2110 809 2186 Palati,
836 2111 920 2173 nihil
949 2111 1041 2176 urbis
1065 2112 1212 2198 vigiliae,

163 2217 247 2279 nihil
272 2217 372 2281 timor
398 2215 627 2299 populi,.nihil
652 2237 836 2281 concursus
864 2214 1027 2279 bonorum
1053 2218 1213 2292 omnium,
1249 2233 1267 2277 o

163 2321 247 2383 nihil
277 2320 331 2383 hio
363 2318 609 2383 munitissimus
645 2318 791 2383 habendi
821 2327 960 2384 senatus
991 2320 1096 2396 locus,
1128 2320 1212 2382 nihil

163 2425 282 2488 horum
305 2446 362 2487 ora
383 2424 566 2508 voltusque
592 2423 798 2489 moverunt?
843 2422 963 2488 Patere
989 2430 1049 2491 tua
1074 2424 1213 2488 consilia

162 2528 230 2593 non
254 2528 369 2603 sentio,
399 2528 615 2592 constrictam
644 2528 711 2591 iam
742 2527 861 2591 horum
893 2528 1042 2591 omnium
1072 2528 1214 2592 seientia

162 2633 268 2698 teneri
284 2620 550 2702 coniurationem
566 2638 660 2695 tuam
677 2653 744 2695 non
770 2632 889 2697 vides?
935 2631 1029 2711 Quid
1050 2633 1211 2716 proxima,

162 2735 245 2822 quid
269 2736 440 2821 superiore
466 2743 564 2801 nocte
589 2736 707 2822 egeris,
725 2735 783 2799 ubi
808 2734 922 2811 fueris,
941 2757 1025 2820 quos
1053 2757 1212 2801 convoca·
1236 2752 1266 2799 ro

90 2851 92 2855 '
162 2842 259 2917 veiis,
291 2840 374 2926 quid
404 2840 534 2904 consilii
565 2840 701 2924 ceperier,
734 2862 836 2923 quem
868 2847 1022 2903 nostrum
1060 2839 1212 2926 ignorare

162 2944 353 3025 arbitraris?
399 2944 429 3008 Ο
465 2952 670 3029 tempora,o
704 2943 831 3009 moresl
889 2942 1033 3009 Senatus
1063 2944 1144 3008 haee
1167 2944 1249 3009 ina

162 3049 302 3135 tellegit,
320 3046 438 3112 consul
455 3046 569 3123 videt3
601 3048 655 3112 hio
679 3055 791 3113 tamen
815 3048 912 3113 vivit.
960 3048 1082 3113 Vivit?
1111 3048 1212 3112 immo

80 3168 92 3209 f
141 3154 239 3217 'vero
256 3152 358 3217 etiam
381 3152 417 3215 in
442 3158 596 3215 senatum
622 3152 726 3229 venit,
744 3153 783 3216 fit
804 3152 931 3238 publici
957 3152 1089 3216 consilii
1113 3152 1213 3237 parti·

14 3264 21 3275 ²
126 3299 128 3303 .
163 3278 248 3341 cepe,
265 3262 362 3320 notat
377 3263 412 3321 et
434 3255 591 3347 designat
614 3257 721 3321 oculis
745 3255 787 3320 ad
810 3255 946 3321 caedem
971 3278 1077 3319 unum
1100 3272 1263 3346 quem-15

4 3411 20 3441 ,
85 3374 87 3377 ’
163 3382 226 3445 que
252 3366 414 3424 nostrum.
461 3359 529 3424 Nos
555 3366 667 3425 autem
697 3359 800 3425 fortes
829 3361 893 3425 viri
919 3361 1001 3424 satis
1028 3359 1135 3424 iacere
1163 3360 1212 3424 rei

162 3464 313 3547 publicae
345 3463 508 3542 videmur,
533 3464 561 3528 si
592 3465 692 3528 istius
718 3464 867 3529 furorem
893 3486 930 3528 ac
962 3464 1030 3529 tela
1054 3465 1210 3529 vitemuS.
1272 3537 1275 3542 ,

163 3566 219 3631 Ad
233 3575 375 3631 mortem
390 3575 434 3645 te,
453 3568 608 3644 Catilina,
627 3568 706 3633 duci
725 3569 820 3632 iussu
836 3568 984 3632 consulis
1000 3567 1066 3631 iam
1082 3567 1211 3651 pridem

163 3670 343 3757 oportebat,
374 3672 410 3735 in
441 3678 474 3737 te
512 3670 656 3737 conferri
693 3680 832 3757 pestem,
865 3693 967 3757 quam
1004 3678 1044 3735 tu
1081 3671 1116 3734 in
1151 3692 1211 3734 nos
1236 3687 1262 3729 re

164 3774 369 3840 machinaris.
426 3776 484 3839 An
522 3797 601 3841 vero
636 3776 688 3841 vir
725 3777 973 3861 amplissumus,
1012 3774 1051 3838 P.
1090 3773 1247 3857 Scipio,3

164 3877 317 3945 contifex
354 3880 529 3956 maximus,
563 3880 615 3942 Ti.
648 3878 839 3943 Gracchum
877 3878 1089 3945 mediocriter
1126 3876 1212 3949 labe-

682 3984 696 4037 1
