2800 4367
176 330 219 398 74
438 342 579 393 oaarro
602 342 643 395 ru
665 342 880 394 sirinnan
902 344 1050 395 'rnarrn

226 544 319 609 gram
351 521 526 587 deferrem.
573 522 719 599 Etenim,
749 522 910 601 Quirites
933 524 964 586 si
990 544 1038 599 ea,
1063 518 1151 607 quae
1185 531 1305 587 erant

226 626 268 690 ad
295 649 346 691 me
374 626 495 704 delata,
521 634 653 711 reperta
680 649 748 691 non
775 635 897 703 essent,
914 635 1028 692 tamen
1051 650 1114 714 ego
1137 650 1214 691 non
1247 650 1305 691 ar·
1390 617 1391 668 i

175 731 372 795 arbitrabar
409 732 444 793 in
483 732 585 795 tantis
624 732 671 795 rei
709 730 863 815 publicae
895 732 1055 816 periculis
1084 753 1158 796 esse
1198 731 1302 794 mihi
1390 745 1391 752 ’

141 845 146 855 ’
228 836 360 897 nimiam
400 834 609 921 diligentiam
640 835 950 919 pertimescendam.
1012 834 1177 900 Senatum
1224 835 1302 899 fre·
1390 881 1391 902 .

185 948 390 1024 equentem
423 939 584 1015 celeriter,
616 946 655 1003 ut
679 939 822 1014 vidistis,
846 940 951 1025 coegi.
1001 941 1115 1024 Atque
1146 941 1300 1003 interea
1390 935 1391 1000 i

226 1044 338 1107 statim
357 1042 532 1107 admonitu
558 1042 780 1129 Allobrogum
808 1043 846 1107 C.
864 1042 1050 1128 Sulpicium
1076 1051 1297 1128 praetorem,

227 1148 344 1211 fortem
378 1148 497 1223 virum,
522 1147 607 1223 misi,
632 1148 691 1232 qui
719 1170 760 1211 ex
789 1147 927 1211 aedibus
953 1146 1106 1233 Cethegi,
1133 1148 1164 1211 si
1193 1148 1298 1231 quid

173 1268 202 1313 25
226 1252 369 1315 telorum
393 1260 491 1327 esset,
508 1250 664 1326 efferret3
689 1274 731 1315 ex
756 1251 879 1335 quibus
901 1252 958 1316 ille
986 1252 1172 1315 maximum
1197 1252 1298 1315 sioa-

226 1377 299 1417 rum
316 1376 492 1419 numerum
508 1363 543 1419 et
557 1354 743 1440 gladiorum
762 1356 896 1419 extulit.

269 1476 317 1522 1v.
350 1458 527 1522 Introduxi
547 1458 762 1523 Volturcium
785 1460 857 1523 sine
882 1458 1009 1535 Gallis3
1044 1458 1141 1524 fidem
1165 1460 1307 1544 publi-¹

225 1585 297 1627 cam
327 1565 423 1627 iussu
452 1571 587 1627 senatus
617 1562 716 1639 dedi3
753 1563 905 1628 hortatus
931 1586 1017 1640 sum,
1043 1573 1083 1629 ut
1107 1586 1156 1641 ea,
1186 1587 1292 1649 quae

225 1669 334 1743 sciret,
345 1669 417 1731 sine
429 1668 545 1732 timore
560 1666 732 1732 indicaret.
778 1668 809 1731 T
811 1690 868 1731 um
884 1668 1051 1745 illedixit,
1068 1689 1145 1733 cum
1160 1670 1228 1734 vix
1248 1693 1290 1735 se

225 1793 266 1834 ex
283 1793 404 1857 magno
421 1772 537 1835 timore
556 1779 743 1848 recreasset,
763 1792 783 1835 a
799 1770 838 1834 Ρ.
856 1771 1003 1837 Lentulo
1026 1794 1062 1837 se
1085 1772 1208 1838 habere
1238 1775 1291 1839 ad

185 1890 200 1933 5
224 1875 404 1939 Catilinam
430 1876 585 1940 mandata
610 1884 644 1940 et
668 1877 809 1953 litterae,
836 1884 877 1941 ut
901 1899 1076 1943 servornm
1106 1878 1290 1963 praesidio

225 1988 385 2055 uteretur,
403 1988 442 2044 ut
457 1980 500 2043 ad
517 1980 631 2044 urbem
644 2003 745 2064 quam
762 1983 906 2066 primum
922 2004 998 2047 oum
1014 1984 1166 2047 exercitu
1183 2004 1290 2049 aece-

224 2084 335 2159 deret;
360 2082 395 2145 id
410 2090 523 2147 autem
539 2106 578 2146 eo
595 2085 743 2161 consilio,
761 2094 810 2162 ut,
828 2108 905 2150 oum
922 2086 1036 2151 urbem
1055 2108 1097 2151 ex
1116 2088 1287 2154 omnibus

224 2188 382 2272 partibile,
407 2208 506 2270 quem
532 2186 734 2251 admodum
759 2189 959 2275 discriptum
984 2190 1285 2277 distributumque

224 2298 304 2365 erat,
317 2290 543 2354 incendissent
559 2290 761 2377 caedemque
776 2294 942 2358 infinitam
959 2296 1084 2360 civium
1101 2294 1283 2374 fecissent,

172 2408 200 2451 10
223 2402 352 2479 praesto
369 2401 458 2458 esset
474 2395 540 2470 ille,
558 2397 616 2479 qui
640 2403 675 2459 et
698 2396 861 2483 fugientis
885 2401 1054 2485 exciperet
1076 2407 1111 2463 et
1133 2421 1168 2464 se
1192 2422 1282 2466 oum

181 2498 274 2563 9his
305 2497 439 2561 urbanis
471 2497 612 2562 ducibus
644 2502 874 2588 coniungeret.
934 2503 1124 2568 Introducti
1154 2512 1280 2570 autem

225 2601 315 2665 Galli
332 2604 383 2665 ius
400 2602 578 2665 iurandum
595 2603 657 2667 sihi
675 2613 710 2669 et
725 2607 856 2671 litteras
873 2607 915 2671 ab
933 2607 1089 2684 Lentulo,
1107 2606 1278 2695 Cetheg0,

223 2704 357 2769 Statilio
373 2705 414 2769 ab
430 2726 525 2769 suanr
549 2716 684 2794 gentem
709 2709 787 2774 data
810 2733 882 2775 esse
907 2711 1077 2789 dixerunt,
1095 2719 1197 2797 atque
1214 2714 1278 2778 -ita

221 2809 284 2873 sibi
303 2810 346 2873 ad
367 2809 419 2874 his
436 2819 504 2875 eta
522 2811 558 2874 L.
576 2812 691 2877 Cassio
716 2836 787 2878 esse
811 2817 1063 2902 praescriptum,
1080 2824 1120 2880 ut
1143 2817 1276 2901 equita·

169 2930 197 2974 15
220 2916 343 2978 tumin
360 2914 492 2979 Italiam
509 2919 772 3002 quamprimum
795 2921 986 2995 mitterent3
1011 2920 1182 3006 pedestres
1205 2921 1272 2985 sibi

221 3020 331 3104 copias
345 3041 412 3082 non
424 3020 609 3086 defuturas.
650 3004 833 3086 Lentulum
849 3029 963 3085 autem
978 3024 1041 3086 sibi
1057 3025 1269 3089 confirmasse

221 3146 262 3187 ex
279 3122 358 3188 latis
375 3122 549 3211 Sibyllinis
565 3125 850 3209 haruspicumque
874 3125 1042 3207 responsis
1065 3144 1100 3187 se
1116 3147 1190 3192 esse
1206 3137 1270 3193 ter-

213 3230 306 3291 'tium
331 3228 428 3291 illum
454 3228 659 3303 Cornelium,
676 3226 720 3307 ad
745 3248 845 3311 quern
871 3248 1012 3312 regnum
1041 3226 1142 3294 huius
1175 3232 1266 3297 urbis

222 3339 323 3417 atque
340 3332 517 3416 imperium
533 3331 707 3415 pervenire
731 3336 821 3394 esset
843 3351 997 3407 neeesse3
1022 3331 1164 3397 Cinnam
1187 3345 1266 3400 ante

167 3434 196 3496 2¹0
218 3458 252 3501 se
269 3445 304 3501 et
320 3434 447 3499 Sullam
465 3434 579 3499 fuisse.
627 3432 849 3519 Eundemque
866 3434 992 3501 dixisse
1015 3436 1152 3502 fatalem
1174 3438 1264 3505 hunc

219 3562 345 3603 annum
360 3561 431 3604 esse
447 3538 489 3603 ad
505 3539 679 3610 interitum
695 3538 796 3604 huius
812 3539 903 3605 urbis
926 3548 1027 3626 atque
1051 3543 1189 3627 imperii,
1204 3546 1262 3628 qni

219 3652 308 3709 esset
326 3666 434 3708 annus
458 3642 607 3709 decimus
630 3653 708 3729 post
723 3645 894 3731 virginum
917 3645 1170 3723 absolutionem,
1187 3656 1263 3732 post

168 3750 207 3812 10
220 3746 365 3832 Capitoli
395 3756 507 3812 autem
538 3748 767 3813 incensionem
791 3752 980 3815 vicesimus.
1027 3750 1124 3813 Hane
1149 3759 1261 3814 autem

220 3850 369 3935 Cethego
400 3873 475 3946 can
507 3854 625 3917 ceteris
656 3856 916 3918 controversiam
949 3853 1053 3917 fuisse
1070 3847 1073 3850 ⁵
1092 3852 1260 3929 dixerunt,
