2800 4367
471 355 526 405 nr.
551 354 672 416 xxm,
696 351 711 416 ς
735 356 789 406 ra
1142 345 1204 412 173

96 528 233 592 nuntiis
248 547 287 592 ac
304 548 436 591 rumore
453 515 590 612 perlata,
607 537 719 592 tamen
735 548 775 592 ea
790 525 932 594 scribam
950 527 1052 604 brevi,
1065 551 1152 614 quae

96 640 134 696 te
158 640 239 718 puto
262 632 475 716 potissimum
498 652 541 695 ex
566 631 647 696 meis
675 631 798 695 litteris
826 631 914 695 velle
942 653 1152 718 cognoscere.

97 736 162 815 Pr.
179 736 293 800 Nonas
309 735 457 800 Sextiles
473 734 685 820 Dyrrhachio
700 755 777 799 sum
800 734 981 819 profectus,
999 737 1071 821 ipso
1096 737 1154 802 illo
1177 755 1207 800 ao

98 840 171 917 die,
186 863 253 926 quo
268 841 325 904 lex
342 847 395 904 est
410 840 480 903 lata
495 838 537 903 de
553 839 659 904 nobis.
707 837 926 903 Brundisium
944 841 1020 904 veui
1045 839 1150 906 Nonis

99 942 309 1009 Sextilibus:
334 943 380 1008 ibi
393 943 474 1006 mihi
491 943 642 1008 Tulliola
654 964 728 1007 mea
741 943 808 1007 fuit
824 952 956 1029 praesto
973 944 1076 1008 natali
1092 967 1153 1010 suo

102 1050 178 1132 ipso
204 1048 269 1124 die,
289 1049 351 1133 qui
381 1069 460 1112 casu
492 1046 580 1112 idem
614 1047 734 1112 natalis
765 1055 836 1112 erat
863 1055 898 1112 et
930 1046 1152 1114 Brundisinae

102 1153 254 1217 coloniae
271 1160 306 1218 et
322 1161 400 1217 tuae
417 1152 546 1217 vicinae
565 1150 711 1227 Salutis3
736 1173 822 1236 quae
847 1173 898 1216 res
923 1151 1153 1218 animadversa

103 1277 123 1318 a
141 1255 358 1321 multitudine
374 1276 505 1320 summa
526 1254 808 1346 Brundisinorum
831 1255 1056 1342 gratulatione
1072 1257 1156 1322 cele·
1177 1273 1206 1318 aa

103 1360 199 1424 brata
212 1369 274 1426 est.
321 1361 414 1424 Ante
438 1358 527 1424 diem
548 1376 597 1422 VI.
621 1358 704 1424 Idus
732 1357 878 1424 Sextiles
905 1362 1058 1446 cognovi,
1075 1379 1152 1426 curn

106 1463 279 1528 Brundisii
295 1485 413 1539 essem,
431 1463 553 1527 litteris
570 1461 692 1542 Quinti
709 1463 849 1528 mirilico
872 1463 986 1529 studio
1003 1465 1152 1528 omnium

106 1576 254 1632 aetatum
284 1577 388 1654 atque
419 1566 585 1642 ordinum,
618 1567 807 1632 incredibili
838 1589 1002 1634 concursu
1033 1568 1151 1634 Italiae

106 1671 214 1758 legem
228 1673 374 1737 comitiis
390 1672 587 1736 centuriatis
604 1693 676 1736 esse
692 1671 864 1756 perlatam.
912 1671 994 1738 Inde
1011 1694 1030 1736 a
1047 1673 1153 1737 Brun-

108 1775 222 1841 disinis
248 1776 493 1842 honestissimis
521 1774 665 1841 decretis
694 1785 831 1842 ornatus
860 1779 925 1842 iter
951 1777 998 1842 ita
1022 1777 1097 1854 feci,
1115 1785 1154 1844 ut
1176 1794 1205 1839 40

109 1881 255 1968 undique
280 1881 324 1945 ad
346 1901 500 1946 mecum
530 1882 756 1967 gratulatione
788 1881 891 1968 legati
922 1883 1151 1948 convenerint.

110 1985 165 2048 Ad
180 1986 294 2051 urbem
310 1986 358 2049 ita
370 1985 457 2062 veui,
471 1993 510 2050 ut
526 2005 624 2050 nemo
639 1985 744 2050 ullius
761 1985 888 2051 ordinis
905 1986 1002 2050 homo
1019 2009 1152 2052 nomen·
1174 1991 1193 2054 5

109 2091 220 2155 clatori
237 2100 338 2155 notus
354 2089 466 2181 fuerit,
484 2091 545 2174 qui
562 2090 643 2153 mihi
667 2090 798 2156 obviam
822 2112 888 2155 non
905 2091 1045 2168 venerit,
1063 2113 1153 2177 prae-

111 2203 160 2260 ter
173 2217 226 2260 ecs
242 2195 406 2271 inimicos,
424 2193 548 2279 quibus
569 2194 604 2258 id
627 2196 747 2279 ipsum,
765 2216 800 2260 se
817 2196 967 2260 inimicos
985 2217 1066 2274 esse,
1084 2217 1151 2260 non

112 2299 220 2364 liceret
236 2307 299 2364 aut
320 2297 531 2362 dissimulare
554 2307 615 2364 aut
638 2321 770 2386 negare.
818 2298 905 2365 Cum
922 2301 1087 2365 venissem
1111 2299 1154 2364 ad
1176 2317 1204 2361 45

113 2414 233 2487 portam
260 2405 442 2491 Capenam,
459 2403 584 2493 gradus
613 2405 816 2489 templorum
843 2405 885 2470 ab
912 2406 1025 2469 infima
1055 2405 1150 2490 plebe

114 2511 260 2594 completi
276 2520 383 2585 erant,
400 2531 420 2573 a
435 2529 503 2594 qua
530 2510 652 2594 plausu
676 2512 822 2574 maximo
850 2533 926 2575 cum
954 2519 1043 2575 esset
1070 2510 1151 2573 mihi

114 2616 287 2698 gratulatio
310 2614 507 2701 significata
524 2615 644 2679 similis
672 2623 708 2679 et
735 2614 927 2699 frequentia
952 2624 987 2681 et
1013 2616 1151 2701 plausus

38 2794 39 2801 ἵ
117 2738 162 2782 me
184 2741 290 2805 usque
317 2718 360 2783 ad
388 2717 594 2804 Capitolium
621 2719 812 2796 celebravit,
832 2722 865 2783 in
894 2720 1034 2805 foroque
1060 2727 1095 2785 et
1118 2721 1151 2783 in

38 2810 39 2835 ³
118 2822 179 2906 ipso
208 2824 377 2908 Capitolio
409 2822 559 2886 miranda
591 2824 775 2888 multitudo
805 2824 880 2890 fuit.
930 2825 1095 2889 Postridie
1119 2827 1151 2887 in
1176 2836 1206 2881 50

38 2920 39 2955 ³
118 2935 232 3005 senatu,
251 2929 311 3012 qui
328 2927 397 2991 fuit
420 2926 490 2992 dies
514 2927 687 2992 Nonarum
712 2928 907 3014 Septembr,
924 2932 1057 2994 senatui
1082 2951 1153 3015 gra-

119 3031 173 3095 tias
199 3032 339 3119 egimus.
398 3031 447 3095 Bo
478 3031 579 3096 biduo
610 3053 688 3096 cum
718 3041 807 3098 esset
837 3055 988 3098 annonae
1021 3037 1193 3099 summa6

38 3154 39 3211 j
120 3137 225 3201 caritas
242 3144 278 3201 et
292 3135 445 3200 homines
461 3135 503 3199 ad
527 3136 696 3201 theatrum
720 3139 835 3221 prime,
853 3138 973 3203 deinde
998 3137 1040 3200 ad
1062 3159 1153 3202 sena-

38 3293 39 3329 }
120 3247 181 3302 tum
196 3242 454 3316 concurrissent,
472 3240 619 3325 impulsu
637 3240 749 3304 Clodii
773 3263 845 3306 mea
868 3263 967 3327 opera
991 3242 1152 3306 frumenti

122 3343 253 3430 inopiam
276 3367 349 3410 esse
373 3345 565 3421 clamarent,
583 3367 660 3410 cum
687 3369 746 3431 per
771 3369 827 3411 eos
855 3347 925 3412 dies
952 3357 1089 3412 senatus
1113 3346 1154 3412 de
1177 3361 1207 3406 55

122 3466 239 3513 annona
254 3451 433 3514 haberetur
447 3458 483 3514 et
493 3449 536 3513 ad
552 3451 624 3514 eius
640 3453 906 3535 procurationem
923 3473 1073 3516 sermone
1086 3473 1153 3515 non

123 3552 217 3616 solur'n
232 3553 349 3638 plebis,
361 3575 478 3619 verum
491 3554 590 3618 etiam
605 3555 768 3619 bonorum
785 3555 965 3641 Pompeius
978 3565 1154 3622 vocaretur

123 3654 211 3740 idque
227 3659 296 3742 ipse
313 3665 452 3742 cuperet
468 3657 720 3742 multitudoque
736 3681 755 3722 a
772 3681 823 3723 me
841 3661 1048 3735 nominatim,
1062 3668 1102 3724 ut
1118 3659 1152 3723 id

124 3756 338 3838 decernerem,
344 3762 540 3847 postularet,
554 3762 618 3826 leci
632 3770 667 3826 et
682 3771 835 3827 accurate
853 3765 1053 3828 sententiam
1072 3763 1153 3840 dixi,

126 3882 190 3927 cum
204 3865 357 3931 abessent
372 3867 575 3943 consularem
593 3867 684 3952 quod
713 3876 786 3931 tuto
811 3891 845 3932 se
871 3876 1033 3956 negarent
1061 3890 1156 3953 posse
1179 3877 1208 3922 6⁰
