2800 4367
91 455 95 460 .
193 366 256 434 262
451 379 523 432 rao
545 381 576 431 r.
601 378 723 432 amno
746 375 890 432 umora
913 375 1062 430 carrio.

277 571 355 619 XVI.
391 551 501 632 Quem
524 554 630 639 igitur
654 575 729 617 cum
754 553 904 617 omnium
930 551 1039 638 gratia
1063 550 1183 626 noluit,
1200 550 1290 614 hunc

156 722 158 725 ,
244 660 447 723 voluitcum
462 657 652 742 aliquorum
677 656 839 741 querella,
856 676 957 740 quem
981 656 1062 731 iure,
1080 675 1182 740 quem
1205 654 1289 729 locc,

244 785 346 848 quern
369 771 528 846 tempore,
546 782 646 846 quem
671 763 807 846 impune
832 781 899 824 non
924 765 978 824 est
1000 780 1112 836 ausuS,
1131 760 1220 822 huno
1244 759 1292 820 in-

204 885 219 928 4
242 868 337 942 iuria,
355 867 473 949 iniquo
489 865 573 941 loco,
590 865 699 928 alieno
722 872 880 948 tempore,
904 863 1055 948 periculo
1078 863 1198 946 eapitis
1222 882 1292 924 non

190 970 411 1035 42dubitavit
433 969 608 1034 occidere?
648 969 852 1053 praesertim,
885 966 1022 1044 iudices,
1047 988 1124 1041 cum
1154 966 1291 1030 honoris

243 1074 438 1158 amplissimi
461 1073 633 1137 contentio
655 1079 691 1136 et
713 1071 783 1136 dies
807 1061 1019 1136 comitiorum
1041 1069 1204 1146 subesset,
1222 1091 1292 1154 quo

241 1175 377 1264 quidem
403 1185 554 1261 tempore
580 1176 667 1260 (scio
691 1177 791 1252 enim,
809 1196 909 1260 quam
933 1174 1051 1239 timida
1074 1175 1119 1238 sit
1141 1173 1292 1244 ambitio,

244 1290 436 1367 quantaque
460 1289 496 1346 et
518 1302 620 1365 quam
642 1281 787 1344 sollicita
813 1281 859 1344 sit
881 1278 1048 1363 cupiditas
1072 1277 1291 1360 consulatus)

243 1388 363 1462 omnia,
387 1407 455 1450 non
480 1384 579 1449 modo
609 1405 695 1468 quae
720 1383 917 1468 reprehendi
948 1383 1067 1467 palam,
1099 1380 1159 1446 sed
1189 1381 1293 1445 etiam

191 1506 220 1551 10
241 1490 381 1555 obscure
420 1511 505 1574 quae
544 1490 683 1574 cogitari
721 1493 873 1571 possunt,
905 1488 1073 1563 timemus
1113 1506 1292 1560 rumorem,

243 1592 391 1657 fabulam
429 1593 557 1669 falsam,
598 1592 718 1668 fictam,
750 1591 860 1656 levem
902 1590 1194 1674 perhorrescimus,
1234 1609 1295 1653 ora

243 1699 392 1761 omnium
414 1705 517 1781 atque
546 1696 660 1761 oculos
687 1697 869 1760 intuemur.
916 1693 1010 1757 Nihil
1032 1695 1120 1758 enim
1146 1700 1198 1758 est
1221 1705 1294 1757 tam

243 1801 353 1878 molle,
371 1810 439 1864 tam
456 1809 619 1877 tenerum,
637 1807 707 1864 tarn
723 1807 784 1864 aut
799 1798 918 1885 fragile
935 1805 996 1863 aut
1018 1796 1163 1862 flexibile
1188 1819 1292 1881 quam

244 1907 400 1971 voluntas
427 1926 506 1990 erga
533 1926 593 1969 nos
621 1925 808 1988 sensusque
837 1904 973 1979 civium,
1002 1903 1061 1986 qui
1092 1923 1159 1965 non
1190 1901 1293 1965 modo
1382 1925 1383 1930 ¹

191 2028 218 2072 15
241 2008 448 2094 improbitati
465 2010 658 2072 irascuntur
673 2007 937 2082 candidatorum,
955 2005 1014 2070 sed
1030 2006 1131 2069 etiam
1147 2006 1181 2067 in
1200 2012 1292 2068 reete

190 2117 230 2178 43
242 2113 340 2177 factis
356 2135 453 2198 saepe
470 2112 659 2177 fastidiunt.
708 2111 809 2176 Hunc
826 2111 916 2175 diem
932 2110 1036 2196 igitur
1052 2110 1160 2193 campi
1182 2130 1295 2193 spera-

246 2227 319 2281 tum
349 2225 451 2301 atque
482 2225 679 2300 exoptatum
712 2215 774 2281 sibi
805 2236 994 2300 proponens
1026 2213 1110 2277 Milo
1140 2215 1293 2278 cruentis

243 2321 396 2386 manibus
420 2321 530 2384 scelus
557 2328 592 2384 et
615 2319 747 2384 facinus
769 2341 846 2404 prae
868 2341 904 2384 se
930 2318 1039 2383 ferens
1068 2325 1103 2382 et
1126 2317 1292 2382 confitens
1382 2383 1383 2386 ,

245 2425 288 2488 ad
304 2425 363 2488 illa
374 2431 518 2510 augusta
534 2425 762 2487 centuriarum
779 2423 928 2508 auspicia
951 2414 1130 2488 veniebat?
1178 2420 1292 2500 Quam
1382 2475 1383 2478 ,

189 2541 218 2585 20
241 2530 301 2592 hoc
326 2551 393 2592 non
421 2526 579 2591 credibile
606 2528 641 2588 in
667 2528 739 2604 hoc,
768 2549 870 2612 quarn
898 2526 987 2591 idem
1014 2526 1048 2589 in
1074 2524 1193 2590 Clodio
1221 2547 1292 2589 non

243 2631 477 2707 dubitandum,
495 2653 571 2694 curn
587 2653 622 2695 se
639 2631 695 2695 ille
713 2631 891 2696 interfecto
916 2631 1044 2695 Milone
1069 2637 1292 2717 regnaturum

244 2735 395 2822 putaret!
444 2734 559 2814 Quid?
582 2735 673 2819 quod
689 2748 790 2821 caput
807 2745 859 2800 est
875 2735 1042 2812 audaciae,
1062 2734 1198 2811 iudices
1213 2737 1293 2819 quis

242 2843 376 2927 ignorat
391 2841 569 2903 maximam
586 2839 775 2904 illecebram
800 2861 870 2904 esse
894 2839 1055 2924 peccandi
1078 2839 1293 2924 impunitatis

242 2945 357 3030 spem?
402 2943 442 3006 In
459 2951 535 3008 utro
552 2944 657 3029 igitur
672 2943 753 3008 haec
771 2943 863 3007 fuit?
888 2945 924 3007 in
947 2943 1087 3020 Milone,
1105 2943 1164 3028 qui
1187 2943 1292 3007 etiam

189 3066 218 3110 25
241 3071 332 3113 nuno
348 3069 425 3111 reus
441 3054 493 3110 est
509 3046 591 3111 facti
608 3054 667 3111 aut
682 3047 843 3132 praeclari
860 3054 920 3111 aut
935 3055 1024 3116 certe
1041 3047 1228 3123 necessarii,
1246 3069 1290 3110 an

242 3155 277 3216 in
294 3151 424 3228 clodio,
442 3152 502 3236 qui
526 3152 573 3216 ita
596 3151 720 3216 iudicia
743 3173 952 3237 poenamque
976 3158 1232 3237 contempserat,
1250 3160 1293 3216 ut

242 3279 318 3322 eum
336 3256 420 3319 nihil
435 3255 626 3333 delectaret,
644 3255 736 3341 quod
751 3262 812 3320 aut
826 3277 886 3340 per
901 3263 1055 3320 naturam
1067 3254 1117 3320 fas
1128 3261 1216 3319 esset
1228 3262 1292 3317 aut

242 3383 302 3446 per
316 3361 408 3446 leges
425 3359 567 3424 liceret?
1382 3353 1383 3358 ¹

189 3470 230 3530 44
283 3464 350 3529 Sed
365 3463 449 3549 quid
465 3485 527 3550 ego
543 3471 768 3550 argumentor,
794 3463 877 3549 quid
900 3464 997 3549 plura
1021 3463 1182 3548 disputo?
1227 3463 1288 3541 Te,

189 3581 218 3630 sn
241 3569 282 3648 Q.
308 3569 419 3644 Petili,
444 3568 586 3652 appello,
615 3569 839 3653 optimumst
862 3568 1081 3633 fortissimum
1106 3567 1224 3643 civem,
1242 3577 1288 3645 te,

244 3673 292 3736 M.
313 3672 407 3749 Cato,
424 3679 539 3748 testor,
558 3694 642 3757 quos
666 3673 748 3735 mihi
772 3672 887 3737 divina
911 3672 1075 3757 quaedam
1098 3692 1169 3735 sors
1193 3670 1290 3734 dedit

242 3776 379 3840 iudices.
425 3776 497 3840 Vos
528 3797 571 3840 ex
603 3776 650 3838 M.
684 3776 834 3840 Favonio
865 3775 1007 3840 audistis
1041 3774 1199 3839 Clodium
1224 3774 1289 3839 sibi

241 3878 377 3957 dixisse,
408 3885 444 3944 et
473 3879 615 3944 audistis
646 3881 725 3945 vivo
753 3879 882 3955 Clodio,
911 3875 1099 3964 periturum
1124 3879 1289 3944 Milonem
1382 3899 1383 3924 ³
