2800 4367
508 384 589 438 011.
615 385 671 448 1-1,
695 385 788 448 11-1.
1149 371 1212 438 317

89 563 172 626 tius
192 567 273 624 tum
288 555 485 622 colebantur
499 577 602 642 quam
624 577 715 620 nunc
738 555 844 621 isdem
858 557 894 620 iu
910 558 1042 642 oppidis
1057 557 1161 623 ethic

93 667 240 730 Romae
256 668 394 748 propter
406 661 689 746 tranquillitatem
705 659 919 745 reipublicae
929 682 995 726 non
1009 662 1162 748 neglege·

93 771 247 834 bantur.
292 767 415 850 Itaque
430 766 521 845 hunc
533 774 569 830 et
579 765 754 830 Tarentini
771 773 806 830 et
823 765 1004 831 Locrenses
1015 774 1050 830 et
1066 767 1163 852 Regi·
1186 781 1215 827 15

97 875 137 937 ni
156 881 198 938 et
213 870 432 956 Neapolitani
448 870 587 935 civitate
603 870 793 954 ceterisque
811 871 966 954 praemiis
981 869 1160 948 donarunt,

99 987 140 1044 et
173 996 304 1051 omnes,
332 975 393 1059 qui
419 973 550 1059 aliquid
580 973 621 1038 de
652 974 797 1060 ingeniis
819 981 977 1059 poterant
1003 973 1160 1051 iudicare,

26 1142 27 1145 ,
100 1080 307 1168 cognitione
331 1085 434 1162 atque
457 1077 604 1162 hospitio
628 1077 770 1164 dignum
793 1078 1040 1143 existimarunt.
1087 1078 1161 1143 Hac

26 1180 27 1203 ¹
102 1192 211 1250 tanta
226 1183 420 1248 celebritate
434 1181 545 1247 famae
561 1203 638 1247 cum
653 1189 743 1248 esset
758 1183 824 1246 iam
840 1182 1033 1248 absentibus
1050 1189 1161 1259 notus,

26 1312 27 1377 1
104 1292 257 1356 Romam
284 1286 380 1352 venit
406 1286 515 1351 Mario
546 1286 685 1351 consule
717 1294 752 1352 et
779 1285 913 1352 Catulo.
960 1286 1088 1352 Nactus
1113 1295 1164 1352 est
1185 1303 1216 1348 ao

106 1394 261 1480 primum
276 1383 431 1456 c'onsnles
458 1412 525 1467 eos,
543 1412 688 1475 quornm
703 1392 789 1456 alter
816 1413 868 1456 res
884 1390 927 1454 ad
949 1391 1163 1457 scribendum

107 1518 299 1573 maxumas,
327 1496 413 1561 alter
445 1517 521 1560 cum
550 1517 602 1560 res
626 1502 749 1582 gestas,
778 1503 851 1560 tum
878 1496 980 1560 etiam
1011 1495 1162 1562 studium

108 1613 217 1688 atque
234 1622 331 1666 aures
343 1599 500 1665 adhibere
515 1608 637 1684 posset.
683 1599 807 1665 Statim
823 1599 970 1676 Luculli,
981 1621 1056 1664 cum
1073 1620 1163 1684 prae·

110 1715 268 1794 tentatus
282 1707 384 1771 etiam
411 1713 484 1770 tum
508 1704 651 1770 Archias
678 1712 778 1783 esset,
795 1727 872 1770 eum
900 1705 1036 1769 domum
1064 1726 1160 1769 suam

110 1817 324 1896 receperunt.
370 1810 416 1874 Et
431 1815 502 1874 erat
527 1808 590 1873 hoc
607 1831 675 1873 non
700 1810 810 1874 solum
837 1810 965 1896 ingenii
980 1831 1018 1874 ac
1041 1810 1165 1875 littera·
1186 1826 1215 1870 11

111 1939 201 1993 rum,
227 1936 344 1981 verum
372 1915 474 1979 etiam
505 1920 645 1979 natmae
673 1922 777 1999 atque
801 1915 950 1990 virtutis,
967 1921 1007 1979 ut
1033 1913 1161 1990 domus,

112 2042 201 2106 quae
217 2019 320 2083 huius
335 2017 584 2083 adulescentiae
600 2019 707 2102 prima
722 2018 816 2095 favit,
834 2018 949 2083 eadem
966 2026 1055 2083 esset
1070 2017 1163 2082 fami-

112 2124 292 2188 liarissima
321 2123 500 2187 senectuti.
557 2122 640 2186 Erat
669 2122 875 2207 temporibus
902 2123 969 2186 illis
996 2122 1164 2188 iucundus
1197 2125 1216 2188 6

115 2229 159 2308 Q.
177 2228 318 2294 Metello
333 2228 384 2291 illi
412 2225 591 2291 Numidico
608 2235 643 2291 et
657 2229 730 2292 eius
746 2227 810 2292 Pio
832 2227 912 2303 filio,
928 2225 1128 2291 audiebatur
1143 2247 1162 2291 a

116 2333 162 2399 M.
192 2333 350 2409 Aemilio,
367 2331 505 2396 vivebat
532 2353 610 2395 cum
638 2331 680 2410 Q.
698 2331 823 2396 Catulo
850 2339 885 2396 et
911 2339 1005 2416 patre
1028 2338 1063 2396 et
1085 2331 1163 2409 filio,
1186 2347 1217 2392 30

116 2460 136 2502 a
163 2437 201 2499 L.
233 2435 353 2500 Crasso
383 2435 565 2510 colebatur,
592 2433 754 2500 Lucullos
787 2457 867 2500 vero
894 2442 929 2500 et
956 2435 1105 2500 Drusum
1128 2443 1163 2500 et

118 2542 277 2606 Octavios
293 2549 328 2605 et
353 2539 516 2604 Catonem
543 2545 579 2604 et
602 2546 707 2604 totam
737 2539 995 2605 Hortensiorum
1023 2539 1157 2604 domum

117 2646 308 2711 devinctam
324 2643 568 2709 consuetudine
585 2664 664 2708 cum
693 2651 834 2721 teneret,
852 2643 1061 2708 afficiebatur
1075 2666 1161 2708 snm·

118 2772 171 2814 mo
187 2751 322 2825 honore,
340 2747 432 2833 quod
454 2770 531 2813 eum
558 2769 627 2812 non
653 2749 763 2813 solum
779 2748 943 2826 colebant,
960 2749 1019 2833 qui
1034 2748 1163 2833 aliquid

117 2856 286 2940 percipere
314 2860 418 2936 atque
446 2851 562 2916 audire
589 2851 782 2928 studebant,
800 2875 917 2917 verum
945 2854 1046 2918 etiam
1060 2853 1089 2920 si
1105 2853 1166 2937 qui
1187 2867 1217 2913 35

117 2957 203 3024 forte
230 2957 443 3022 simulabant.
488 2974 540 3021 1v.
576 2955 717 3020 Interim
733 2958 815 3021 satis
843 2957 945 3043 longo
970 2956 1161 3033 intervallo,

118 3080 195 3128 cum
211 3070 301 3128 esset
315 3083 392 3126 011111
406 3060 454 3124 M.
468 3059 615 3126 Lucullo
632 3061 667 3124 in
683 3060 833 3125 Siciliam
849 3060 1020 3145 profectus
1037 3068 1164 3126 etcum

119 3189 222 3233 exea
249 3166 423 3252 provincia
449 3187 526 3230 oum
553 3164 669 3230 eodem
696 3163 849 3229 Lucullo
868 3165 1053 3255 decederet,
1070 3166 1166 3231 venit

121 3271 328 3337 Heracleam.
384 3270 480 3349 Quae
507 3292 585 3334 cnm
611 3277 701 3334 esset
726 3270 844 3333 civitas
869 3270 1070 3354 aequissimo
1092 3271 1164 3335 iure

120 3396 156 3440 ac
171 3373 316 3450 foedere,
332 3373 476 3439 adscribi
503 3395 538 3439 se
564 3375 599 3436 in
626 3395 698 3438 eam
725 3373 899 3438 civitatem
916 3374 1026 3439 voluit
1050 3373 1164 3459 idque,
1202 3390 1218 3435 s

121 3501 196 3543 cum
224 3478 295 3562 ipse
322 3500 430 3562 perse
454 3477 579 3564 dignus
604 3485 790 3561 putaretur,
808 3485 881 3542 tum
907 3480 1107 3544 auctoritate
1131 3487 1166 3544 et

121 3583 228 3668 gratia
244 3580 380 3646 Luculli
394 3582 436 3646 ab
453 3582 726 3647 Heracliensibus
752 3583 956 3667 impetravit.
1002 3583 1091 3648 Data
1114 3591 1166 3648 est
1199 3587 1217 3648 7

123 3687 240 3752 civitas
265 3683 393 3749 Silvani
418 3686 493 3770 lege
519 3693 555 3751 et
581 3684 760 3750 Carbonis:
796 3685 1166 3760 510111011111111

124 3805 357 3856 0111111111
388 3805 583 3854 1110111111
616 3773 801 3866 11111111,
827 3807 1167 3867 menusanum

119 3908 354 3969 ,mansurum
371 3910 411 3958 IN
435 3892 567 3959 ITALIA
599 3909 826 3962 DOMICILIUM
860 3909 1093 3963 HABUISSENT
1123 3912 1168 3962 ΕΤ
1190 3906 1219 3956 10
