2800 4367
486 331 566 383 car.
594 334 680 396 rore,
703 335 718 396 r
740 335 827 387 assa.
1157 324 1220 392 25⁷

66 506 191 570 Miloni
220 504 313 572 fuit
342 502 434 570 dare
457 504 613 592 iugulum
630 505 669 570 P.
685 505 807 571 Clodio
830 529 897 572 non
920 511 1022 576 semel
1046 509 1087 576 ab
1111 511 1170 576 illo

67 633 179 696 acque
215 619 316 676 tum
358 610 513 696 primum
547 609 691 694 petitum
719 633 821 698 quam
848 613 993 700 iugulari
1018 637 1038 680 a
1063 615 1166 692 vobis,

69 717 147 800 quia
178 738 225 781 se
265 737 355 779 non
399 712 625 800 iugulandum
663 715 713 779 illi
752 715 955 782 tradidisset.
1015 717 1075 782 Sin
1105 719 1167 785 hoc

71 843 170 886 nemo
201 828 396 886 vestrum
421 818 471 883 ita
496 819 611 896 sentit,
634 839 703 883 uon
730 819 817 884 illud
847 821 911 884 iam
942 823 977 886 in
1005 822 1165 888 iudicium

73 926 180 1002 venit,
199 925 412 989 occisusne
428 923 484 999 sit,
501 922 593 1008 quod
615 921 773 1000 fatemur,
790 924 850 990 sed
874 925 944 992 iure
967 947 1009 991 an
1033 927 1167 1004 iniuria,
1190 945 1221 990 ac

75 1030 168 1114 quod
194 1029 345 1094 multis
371 1027 539 1092 incensis
565 1049 665 1112 saepe
692 1029 885 1113 quaesitum
912 1038 974 1096 est.
1022 1030 1164 1097 Insidias

76 1135 189 1200 iactas
226 1155 321 1199 esse
355 1138 500 1208 constat,
531 1139 566 1196 et
600 1131 635 1196 id
664 1139 726 1210 est,
754 1133 846 1218 quod
882 1142 1019 1200 senatus
1050 1143 1166 1201 contra

78 1263 148 1304 rem
185 1239 387 1325 publicam
419 1234 546 1300 factum
579 1236 762 1322 indicavit3
788 1236 830 1303 ab
855 1246 930 1304 utro
956 1238 1064 1306 factae
1087 1240 1166 1316 sint,

78 1347 273 1409 incertum
292 1349 361 1406 est.
408 1340 459 1406 De
473 1339 534 1405 hoc
551 1341 657 1428 igitur
679 1342 785 1406 latum
810 1349 862 1406 cst
881 1349 920 1406 ut
936 1351 1163 1427 quaereretur.

82 1450 136 1512 Ita
151 1457 195 1513 et
213 1453 374 1512 senatus
389 1465 469 1519 rem,
486 1465 553 1508 non
577 1444 744 1509 hominem
770 1445 910 1520 notavit,
928 1453 962 1510 et
985 1445 1165 1532 Pompeius
1188 1463 1217 1509 ar

82 1553 125 1618 de
156 1553 259 1626 iure,
288 1570 359 1612 uon
387 1547 429 1613 de
460 1546 549 1612 facto
580 1549 809 1635 quaestionem
841 1549 930 1614 tulit.
976 1567 1041 1613 xii.
1074 1549 1163 1615 Num

84 1657 177 1743 qnid
196 1656 320 1742 igitur
334 1651 429 1716 aliud
452 1652 486 1715 in
509 1652 672 1717 iudicium
689 1654 792 1728 venit,
810 1655 874 1718 nisi
899 1661 974 1720 uter
998 1656 1065 1719 utri
1090 1655 1166 1721 insi-

87 1761 166 1826 dias
180 1758 345 1825 fecerit?
382 1755 539 1822 Profecto
556 1757 660 1833 nihil;
676 1758 706 1822 si
721 1756 776 1822 hic
789 1757 849 1835 illi,
862 1765 953 1823 utne
969 1759 1014 1822 sit
1026 1759 1163 1844 inpune,

88 1868 118 1930 si
136 1867 207 1930 ille
224 1863 323 1939 huic,
340 1869 381 1926 ut
395 1861 519 1927 scelere
543 1862 724 1926 solvamur.
1202 1881 1216 1924 4

140 1969 318 2050 Quonam
338 1967 443 2053 igitur
465 1972 563 2052 pacto
586 1964 719 2050 probari
742 1972 853 2050 potest
878 1965 1016 2031 insidias
1043 1965 1163 2031 Miloni
1176 1969 1216 2034 32

93 2075 228 2139 fecisse
247 2070 434 2135 Clodium?
477 2069 566 2135 Satis
583 2077 634 2135 est
651 2071 684 2134 in
701 2071 760 2134 illa
777 2070 914 2155 quidem
938 2079 1007 2135 tam
1031 2070 1159 2148 audaci,

96 2189 174 2244 tam
203 2175 335 2241 nefaria
362 2174 460 2239 belua
482 2175 602 2240 docere
625 2196 780 2262 magnam
800 2176 831 2240 ei
847 2196 990 2252 causam,
1008 2197 1162 2262 maguam
1262 2229 1265 2236 .

97 2304 205 2369 spem
232 2281 270 2345 in
299 2280 437 2344 Milonis
464 2287 570 2345 morte
597 2280 811 2364 propositam,
836 2301 972 2367 magnas
994 2281 1162 2346 utilitates

101 2388 229 2452 fuisse.
277 2385 397 2471 Itaque
424 2384 513 2450 illud
536 2384 744 2462 Cassianum,
763 2386 838 2450 ‘cui
867 2385 974 2450 bono’
998 2384 1110 2462 fuerit,
1127 2386 1162 2449 in

102 2493 161 2556 his
194 2492 348 2576 personis
371 2491 492 2567 valcat,
520 2490 585 2556 etsi
616 2489 694 2554 boni
725 2490 820 2554 nullo
853 2491 1080 2554 emolumento
1106 2491 1164 2553 im·
1187 2506 1216 2551 10

105 2596 291 2680 pelluntur
320 2596 356 2658 in
386 2594 548 2669 fraudem,
580 2593 721 2680 improbi
752 2615 850 2679 saepe
881 2615 994 2678 parvo.
1051 2593 1162 2680 Atqui

108 2700 244 2764 Milone
260 2698 437 2764 interfecto
454 2697 595 2763 Clodius
611 2697 692 2762 haec
709 2697 959 2782 assequebatur,
977 2719 1043 2761 non
1064 2698 1162 2763 modo
1189 2783 1193 2790 ἦ

110 2812 154 2868 ut
184 2810 316 2889 praetor
346 2797 435 2868 esset
464 2824 531 2867 non
562 2823 601 2867 eo
632 2802 780 2878 consule,
814 2823 882 2887 qno
912 2803 1045 2867 sceleris
1076 2803 1162 2867 nihil

112 2904 224 2970 iacere
240 2912 362 2990 posset,
379 2904 557 2970 sedetiam
574 2912 614 2969 ut
628 2905 669 2968 iis
686 2905 881 2970 consulibus
906 2913 1040 2990 praetor
1062 2913 1160 2982 esset,

113 3010 238 3094 quibus
253 3009 283 3074 si
305 3030 373 3072 non
396 3008 645 3085 adiuvantibus,
661 3015 697 3072 at
721 3009 956 3075 coniventibus
980 3016 1069 3075 certe
1092 3031 1163 3094 spe·
1186 3025 1214 3071 15

114 3121 203 3179 reret
217 3135 252 3178 se
269 3134 366 3198 posse
389 3111 524 3177 eludere
548 3112 584 3176 in
607 3113 675 3177 illis
698 3115 768 3178 suis
792 3113 948 3201 cogitatis
972 3113 1160 3190 furoribus3

114 3219 211 3283 cuius
234 3217 284 3281 illi
307 3224 458 3293 conatus,
475 3224 515 3281 ut
537 3217 608 3302 ipse
632 3217 903 3294 ratiocinabatur,
921 3241 981 3284 nec
1001 3226 1162 3304 cuperent

115 3323 304 3407 reprimere,
335 3323 365 3386 si
396 3328 541 3406 possent,
573 3343 650 3386 cum
681 3329 815 3388 tantum
844 3322 1044 3389 beneficium
1070 3324 1159 3389 eise

115 3426 234 3492 debere
257 3425 509 3501 arbitrarentur,
526 3432 570 3502 et,
586 3427 615 3490 si
632 3427 770 3503 vellent,
787 3426 927 3492 fortasse
943 3429 1001 3493 vix
1025 3436 1162 3513 possent

116 3530 267 3617 frangere
284 3529 428 3594 hominis
448 3529 697 3595 sceleratissimi
720 3531 967 3596 corroboratam
989 3533 1055 3595 iam
1071 3540 1165 3598 vetu-
1186 3549 1216 3594 20

116 3640 200 3698 state
227 3632 411 3697 audaciam.
458 3632 516 3696 Αιι
543 3655 633 3711 vero,
657 3634 794 3710 indices,
812 3655 872 3700 vos
899 3635 962 3700 soli
989 3637 1161 3723 ignoratis,
1175 3634 1214 3695 33

117 3759 174 3802 vos
200 3737 350 3822 hospites
378 3738 411 3800 in
440 3737 501 3802 hac
530 3737 611 3804 urbe
640 3738 828 3816 versamini,
858 3747 989 3805 vestrae
1020 3743 1162 3829 peregri·

71 3857 74 3864 ’
117 3845 352 3910 nanturaures
368 3863 478 3928 neque
495 3843 529 3905 in
547 3842 609 3907 hoc
632 3849 815 3930 pervagato
838 3844 985 3909 civitatis
1008 3866 1161 3918 sermone
1212 3927 1216 3938 .
