2800 4367
536 366 615 417 cur.
640 368 712 429 9-11,
737 368 856 429 §raaz
1230 356 1270 421 11

171 538 361 624 aliquando,
385 561 451 624 quo
476 546 508 603 te
531 540 595 601 iam
616 538 744 622 pridem
762 540 825 603 ista
848 548 907 603 tua
934 540 1100 624 cupiditas
1127 540 1221 606 effre—

171 650 250 707 nata
279 665 316 708 ac
348 642 474 707 furiosa
501 642 671 727 rapiebat;
705 664 813 727 neque
846 645 935 708 enim
966 644 1026 707 tibi
1057 644 1138 708 haec
1168 667 1220 709 res

171 746 282 811 adfert
305 745 462 823 dolorem,
479 745 540 811 sed
561 746 731 831 quandam
755 745 983 811 incredibilem
1000 748 1219 832 voluptatem.

172 850 229 915 nd
258 852 342 916 hano
370 840 402 915 te
428 851 607 915 amentiam
633 858 753 914 natura
779 852 917 935 peperit,
944 852 1102 916 voluntas
1129 847 1221 917 exer·
1256 868 1272 913 5

172 955 251 1031 cuit,
269 954 405 1018 fortuna
420 955 576 1019 servavit.
623 953 817 1040 Numquam
835 962 873 1017 tu
895 976 962 1017 non
986 954 1218 1033 modoetiam,

171 1058 229 1123 sed
254 1081 295 1123 ne
318 1058 445 1123 bellum
470 1057 607 1142 quidem
624 1060 688 1123 nisi
708 1058 874 1122 nefarium
895 1060 1092 1143 concupisti.
1133 1058 1221 1124 'Nac—

172 1170 226 1225 tus
251 1184 285 1226 es
312 1184 354 1226 ex
382 1161 521 1246 perditis
547 1169 649 1247 atque
674 1162 717 1226 ab
743 1164 833 1226 omni
858 1185 925 1227 non
951 1162 1048 1227 modo
1074 1163 1219 1240 fortuna,

172 1288 289 1330 verum
330 1267 429 1331 etiam
476 1289 534 1351 spe
581 1266 749 1331 derelictis
792 1266 969 1331 conflatam
1007 1266 1220 1351 inproborum
1257 1284 1272 1328 9

172 1392 316 1433 manum.
364 1370 429 1435 Hic
453 1378 491 1434 tu
523 1392 589 1454 qua
620 1370 749 1435 laetitia
780 1370 962 1456 perfruere,
988 1370 1111 1456 quibus
1141 1374 1271 1457 gau-26

171 1474 235 1539 diis
262 1474 438 1550 exultabis
465 1482 591 1559 quanta
626 1476 660 1537 in
691 1476 865 1560 voluptate
902 1475 1111 1552 bacchabere,
1143 1498 1219 1539 cum

171 1580 206 1641 in
233 1586 326 1642 tanto
354 1600 492 1642 numero
518 1587 653 1642 tuorum
679 1600 789 1663 neque
816 1579 932 1644 audies
955 1581 1066 1645 virum
1093 1579 1219 1644 bonum

173 1704 376 1767 quemquam
404 1704 514 1767 neque
541 1680 690 1746 videbis!
737 1682 795 1745 Ad
822 1683 922 1747 huius
949 1685 1039 1748 vitae
1066 1683 1218 1747 studium

172 1786 323 1851 meditati
340 1787 390 1848 illi
406 1792 496 1861 sunt,
514 1786 572 1869 qui
591 1785 758 1861 feruntur,
775 1785 903 1851 labores
920 1788 981 1863 tui,
999 1788 1103 1852 iacere
1126 1787 1219 1850 humi

157 1892 238 1954 'non
262 1890 371 1954 solum
399 1887 442 1953 ad
469 1887 690 1954 obsidendum
719 1897 885 1975 stuprum,
905 1911 1022 1956 verum
1046 1892 1146 1955 etiam
1177 1889 1220 1954 ad
1243 1907 1271 1952 15

172 1996 302 2061 facinus
337 1996 540 2072 obeundum,
577 1997 716 2083 vigilare
755 2018 821 2060 non
859 1996 967 2059 solum
1006 1994 1220 2060 insidiantem

171 2124 287 2166 somno
299 2102 505 2177 maritorum,
519 2122 635 2166 verum
649 2101 750 2165 etiam
763 2100 857 2164 bouis
870 2100 1062 2163 otiosorum.
1095 2098 1217 2175 Habes,

171 2205 238 2291 ubi
253 2212 401 2271 ostentes
423 2213 516 2269 tuam
541 2205 634 2267 illam
660 2204 862 2288 praeclaram
887 2204 1082 2288 patientiam
1109 2202 1217 2279 famia,

171 2308 314 2396 frigoris,
335 2309 464 2393 inopiae
491 2330 600 2373 rerum
628 2310 787 2385 omnium,
810 2308 933 2393 quibus
961 2316 994 2372 te
1020 2307 1112 2371 brevi
1139 2316 1218 2371 tem-
1242 2324 1270 2369 19

171 2436 250 2497 pore
266 2412 457 2478 coniectum
474 2434 545 2477 esse
561 2413 695 2477 senties
737 2412 886 2476 Tantum
902 2410 1027 2496 profeci
1045 2420 1128 2487 tum,
1142 2433 1217 2474 cum
1230 2413 1269 2475 27

172 2527 205 2582 te
221 2540 241 2581 a
256 2518 433 2581 consulatu
453 2517 595 2601 reppuli,
612 2523 653 2581 ut
674 2517 772 2580 exsul
795 2518 906 2601 potius
930 2505 1092 2599 temptare
1116 2538 1217 2601 quam

172 2622 290 2686 consul
305 2643 427 2686 vexare
451 2643 520 2686 rem
543 2620 713 2705 publicam
735 2642 859 2704 posses
876 2628 978 2705 atque
1001 2628 1040 2683 ut
1065 2619 1109 2695 id,
1127 2619 1219 2703 quod

171 2735 260 2791 esset
275 2748 294 2789 a
309 2734 342 2791 te
359 2726 518 2791 scelerate
535 2733 742 2810 susceptum,
759 2725 973 2789 latrocinium
989 2724 1218 2808 potiusquam

170 2830 296 2895 bellum
313 2832 549 2895 nominaretur.

215 2952 265 2998 XI.
297 2934 406 3011 Nunc,
446 2943 485 2999 ut
522 2956 542 2999 a
579 2957 642 3011 me,
677 2941 789 3019 patres
829 2935 1017 3019 conscripti,
1050 2933 1217 3020 quandam

80 3110 82 3113 ,
157 3040 273 3124 ¹prope
290 3040 412 3104 iustam
429 3040 555 3125 patriae
573 3039 817 3124 querimoniam
834 3037 981 3103 detester
996 3062 1033 3103 ac
1050 3039 1217 3123 deprecer,

171 3145 342 3229 percipite,
359 3166 493 3230 quaeso,
511 3142 701 3229 diligenter,
721 3165 806 3227 quae
824 3142 943 3218 dicam,
960 3153 995 3207 et
1017 3166 1055 3207 ea
1079 3145 1213 3228 penitus

171 3249 291 3312 animis
302 3250 422 3312 vestris
434 3247 671 3333 mentibusque
685 3247 851 3311 mandate.
888 3247 1033 3322 Etenim,
1044 3249 1072 3336 si
1085 3269 1216 3312 meeum

171 3354 287 3437 patria,
305 3376 391 3437 quae
415 3354 496 3415 mihi
520 3354 590 3417 vita
613 3374 686 3417 mea
710 3353 818 3416 multo
841 3360 893 3416 est
916 3354 1029 3428 carior,
1046 3355 1074 3416 si
1098 3347 1219 3416 cuncta
1255 3364 1270 3407 o

171 3455 280 3532 Italia,
297 3457 325 3520 si
350 3459 457 3521 omnis
485 3450 536 3521 res
561 3456 695 3541 publica
719 3458 897 3541 loquatur:
924 3457 990 3519 ίΜ.
1008 3457 1111 3532 Tulli,
1136 3455 1218 3540 quid

170 3560 267 3646 agis?
312 3560 408 3624 Tune
426 3584 513 3637 eum,
530 3583 630 3644 quem
648 3583 718 3625 esse
743 3560 874 3625 hostem
898 3561 1098 3644 comperisti,
1117 3582 1217 3644 quem

171 3662 290 3728 ducem
322 3664 401 3729 belli
432 3664 587 3728 futurum
620 3664 724 3739 videS,
754 3687 854 3748 quem
883 3665 1054 3748 expectari
1082 3666 1218 3748 impera-

171 3776 278 3832 torem
294 3770 328 3830 in
346 3769 461 3832 castris
477 3768 625 3831 hostium
641 3770 757 3843 sentis,
775 3762 946 3832 auctorem
969 3770 1114 3842 sceleris,
1132 3769 1219 3851 prin-

171 3873 279 3957 cipem
310 3874 560 3948 coniurationia,
587 3880 797 3937 evocatorem
814 3860 1001 3936 ⁴servorum
1033 3880 1068 3936 et
1092 3872 1218 3935 civium
1243 3884 1270 3927 ro
