2800 4367
495 335 576 388 aar.
600 338 673 400 aro,
697 339 712 400 r
734 338 821 390 sana
1165 324 1229 392 255

111 531 180 574 non
209 508 335 576 solum
364 507 584 586 sermonibus,
614 508 675 574 sed
715 509 817 574 etiarn
856 507 1028 596 suffragiis
1059 511 1177 598 populi

113 613 265 678 Romani
289 634 392 698 saepe
416 634 488 678 esse
515 611 734 689 declaratum,
751 613 861 697 palam
887 634 986 700 agere
1010 615 1122 700 eoepit
1144 623 1179 680 et
1200 631 1230 677 ao

111 726 231 804 aperte
261 717 378 783 dicere
405 717 627 784 occidendum
655 717 830 784 Milonem.
876 716 999 784 Servos
1029 723 1230 807 agrestes26

112 831 147 887 et
172 821 354 898 barbaros,
386 821 511 907 quibus
541 822 644 887 silvas
674 821 827 909 publicas
858 820 1083 908 depopulatus
1105 832 1177 890 arat

113 927 367 1012 Etruriamque
395 934 546 1004 vexarat,
570 948 612 992 ex
638 926 846 1012 Appennino
869 926 1066 1006 deduxerat,
1091 950 1175 1014 quos

113 1030 301 1096 videbatis.
348 1031 416 1096 Res
445 1038 515 1097 erat
537 1030 675 1097 minime
703 1030 854 1097 obscura.
900 1031 1036 1096 Etenim
1066 1033 1175 1118 palam

113 1134 305 1200 dictitabat
335 1135 550 1200 consulatum
580 1135 702 1199 Miloni
733 1135 817 1220 eripi
848 1156 916 1199 non
942 1157 1049 1221 posse,
1073 1137 1177 1202 vitam
1199 1151 1229 1198 to

111 1261 227 1324 posse.
277 1237 494 1325 Significavit
514 1239 576 1304 hoc
592 1260 691 1324 saepe
716 1239 752 1302 in
776 1247 908 1316 senatu,
932 1239 1020 1306 dixit
1042 1241 1077 1304 in
1101 1261 1176 1305 oon-

112 1344 208 1408 tione
220 1367 231 1419 3
257 1343 347 1428 quin
374 1343 476 1408 etiam
500 1342 548 1407 Μ.
577 1343 737 1420 Favonio,
765 1341 947 1409 fortissimo
972 1345 1055 1421 viro,
1079 1366 1176 1431 quae-

111 1449 207 1514 renti
232 1469 280 1512 ex
307 1468 357 1523 eo,
382 1468 449 1531 qua
477 1468 536 1532 spe
567 1446 696 1512 fureret
723 1446 850 1514 Milone
882 1449 971 1524 viva
1003 1449 1175 1533 respondit

112 1553 235 1617 triduo
251 1551 355 1615 illum
377 1557 439 1616 aut
461 1573 630 1616 summum
657 1551 847 1637 quadriduo
870 1574 942 1618 esse
965 1553 1174 1638 periturum3

113 1679 222 1742 quam
242 1677 364 1721 vocem
381 1656 452 1720 eius
469 1655 512 1720 ad
527 1655 617 1720 huno
635 1655 683 1719 Μ.
699 1655 862 1722 Catonem
878 1657 993 1720 statim
1007 1656 1176 1720 Favonius
1198 1673 1228 1718 ar

49 1755 55 1773 '
112 1761 258 1826 detulit.
306 1777 343 1822 x.
361 1759 500 1825 interim
511 1781 588 1825 oum
599 1760 702 1824 sciret
711 1759 851 1824 Clodius
865 1761 994 1844 (neque
1006 1761 1095 1824 enim
1105 1768 1176 1825 erat
1187 1763 1226 1826 27

112 1862 260 1930 difficile
277 1863 315 1928 id
338 1864 443 1948 seire)
461 1864 526 1930 iter
540 1865 713 1940 sollemne,
727 1865 926 1952 legitimum,
953 1865 1174 1929 necessarium

112 1979 197 2043 ante
224 1969 318 2034 diem
340 1986 412 2032 xm
435 1969 605 2034 Kalendas
625 1969 823 2034 Februarias
841 1969 962 2033 Miloni
979 1991 1050 2034 esse
1068 1969 1176 2033 Lanu·

112 2077 217 2140 vium
248 2072 294 2137 ad
323 2071 493 2138 flaminem
529 2073 750 2160 prodendum,
792 2072 883 2166 quod
921 2081 992 2138 erat
1029 2074 1173 2139 dictator

113 2179 260 2244 Lanuvi
288 2177 384 2253 Milo,
406 2177 512 2242 Roma
541 2177 655 2243 subito
682 2179 755 2263 ipse
783 2177 954 2262 proiectus
983 2177 1088 2262 pridie
1113 2185 1174 2254 est,
1212 2192 1227 2237 o

113 2292 156 2348 ut
170 2288 259 2347 ante
274 2302 376 2346 suum
391 2280 546 2358 fundum,
565 2281 657 2367 quod
678 2304 712 2346 re
738 2282 950 2346 intellectum
972 2288 1033 2360 est,
1051 2281 1172 2346 Miloni

113 2385 264 2452 insidias
302 2386 490 2463 collocaret,
522 2392 625 2471 atque
657 2387 705 2449 ita
736 2385 907 2470 profectus
939 2393 1000 2462 est,
1031 2393 1070 2450 ut
1100 2407 1175 2451 con·

113 2493 253 2556 tionem
275 2489 519 2567 turbulentam,
535 2491 570 2553 in
588 2511 655 2576 qua
670 2491 743 2555 eius
760 2490 854 2555 furor
877 2489 1085 2556 desideratus
1109 2497 1171 2566 est,

114 2617 211 2682 quae
235 2594 298 2658 illo
320 2594 392 2679 ipso
415 2593 469 2658 die
493 2593 608 2659 habita
638 2603 699 2671 est,
727 2596 943 2680 relinqueret,
975 2616 1085 2680 quarn,
1109 2595 1174 2658 nisi

114 2699 214 2764 obirc
243 2696 401 2761 facinoris
428 2697 540 2762 locum
565 2705 768 2783 tempusque
793 2699 965 2775 voluisset,
990 2719 1174 2782 numquam
1199 2714 1228 2759 10

114 2802 328 2887 reliquisset.
375 2801 460 2865 Milo
478 2809 592 2866 autem
607 2823 685 2866 curn
700 2803 735 2865 in
752 2810 873 2867 senatu
898 2801 1019 2866 fuisset
1043 2824 1082 2866 eo
1106 2801 1170 2878 die,
1187 2807 1226 2869 28

116 2905 240 2993 quoad
261 2913 399 2970 senatus
422 2912 474 2971 est
496 2905 665 2982 dimissus,
695 2906 832 2971 domum
859 2908 963 2982 venit,
987 2906 1114 2970 calceos
1138 2913 1171 2970 et

116 3011 329 3076 vestimenta
359 3011 514 3086 mutavit,
547 3010 726 3095 paulisper,
756 3010 837 3074 dum
867 3033 901 3076 sa
933 3032 1027 3086 uxor,
1059 3017 1098 3074 ut
1125 3010 1172 3087 fit,

117 3121 305 3200 comparat,
322 3121 546 3178 commoratus
569 3121 630 3191 est,
648 3115 726 3179 dein
752 3114 923 3198 profectus
947 3114 982 3177 id
1004 3115 1175 3199 temporis

118 3240 204 3284 cum
231 3219 298 3281 iam
323 3216 474 3294 Clodius,
501 3218 668 3304 siquidem
696 3240 735 3283 eo
763 3219 816 3294 die
844 3219 983 3284 Romam
1012 3227 1174 3284 venturus
1198 3235 1226 3281 15

119 3329 207 3398 erat,
225 3321 331 3386 redire
348 3323 524 3406 potuisset.
572 3323 717 3388 Obviam
731 3323 769 3388 fit
782 3325 812 3388 ei
826 3322 967 3388 Clodius
982 3322 1169 3408 expeditus,

119 3428 160 3490 in
177 3448 275 3511 equo,
292 3427 388 3490 nulla
404 3427 513 3504 raeda,
530 3428 633 3492 nullis
650 3427 898 3512 inpedimentis,
913 3428 1015 3492 nullis
1035 3427 1171 3492 Graecis

121 3530 313 3607 comitibus,
332 3539 371 3595 nt
386 3532 523 3608 solebat,
541 3534 613 3597 sine
630 3555 744 3609 uxore,
768 3532 860 3617 quod
884 3555 1068 3618 numquam
1091 3532 1171 3609 iere,

122 3655 204 3698 cum
218 3633 270 3698 hio
287 3635 472 3713 insidiator,
492 3637 550 3721 qui
563 3638 628 3702 iter
645 3636 731 3701 illud
754 3637 797 3702 ad
821 3636 957 3702 caedem
981 3636 1170 3702 faciendam

123 3746 329 3822 apparasset,
347 3762 424 3804 cum
440 3762 543 3805 uxore
562 3741 741 3806 veheretur
767 3742 801 3804 in
826 3733 935 3818 raeda,
959 3742 1171 3826 paenulatuS,
1195 3755 1225 3800 ao

39 3862 40 3883 ³
124 3863 248 3928 magno
269 3851 305 3909 et
326 3843 487 3930 impedito
510 3852 545 3909 et
570 3845 723 3911 muliebri
746 3867 784 3909 ao
808 3845 951 3912 delicato
974 3847 1170 3912 ancillarum
