2800 4367
195 307 237 373 64
525 318 598 369 rao
620 318 652 369 n.
674 317 834 371 nunnus
857 318 1006 370 enarro.

245 488 443 557 celebranda
466 488 616 575 graviter
637 488 721 553 tulit
743 489 889 574 populus
918 490 1090 555 Romanus
1116 491 1205 555 hane
1234 512 1316 576 pcr-
1386 486 1388 589 l

195 599 234 662 76
247 616 375 661 versam
389 594 588 678 sapientiam
604 592 801 670 Tuberonis,
811 594 927 678 itaque
939 593 1038 659 homo
1049 596 1314 681 integerrimus,
1386 598 1388 714 l

245 700 328 765 civis
352 700 511 783 optimuS,
535 720 612 763 oum
636 705 725 763 esset
745 697 781 761 L.
807 697 906 761 Pauli
927 719 1041 782 nepos,
1066 698 1104 761 P.
1130 698 1313 776 Africani,
1386 749 1387 790 ἦ

195 820 223 864 20
246 812 286 867 ut
309 802 391 879 dixi,
418 802 539 867 sororis
563 802 662 877 filius,
688 802 740 881 his
767 800 919 866 haedinis
946 802 1114 887 pelliculis
1140 813 1314 887 praetura

125 956 130 969 .
246 906 395 972 deiectus
422 913 483 971 est.
530 905 615 970 Odit
640 906 786 989 populus
811 907 982 973 Romanus
1007 909 1174 992 privatam
1200 909 1313 972 luxu-

246 1012 338 1087 riam,
365 1010 532 1095 publicam
557 1010 839 1096 magnificentiam
862 1010 995 1097 diligit;
1023 1032 1090 1075 uon
1110 1021 1204 1077 amat
1230 1035 1312 1097 pro

246 1114 336 1179 fusas
361 1115 487 1199 epulas,
517 1113 630 1179 sordes
653 1120 688 1179 et
718 1113 997 1180 inhumanitatem
1028 1116 1135 1179 multo
1166 1118 1309 1191 minus3
1386 1113 1388 1150 ²

245 1219 426 1306 distinguit
462 1220 590 1283 ratione
623 1217 807 1283 officiorum
835 1240 873 1282 ac
909 1226 1097 1304 temporum
1130 1221 1310 1286 vicissitu-
1386 1263 1388 1291 ,

195 1340 223 1383 aa
245 1323 358 1388 dinem
385 1324 506 1388 laboris
532 1344 570 1387 ac
597 1322 792 1407 voluptatis.
839 1322 925 1386 Nam
953 1324 1045 1408 quod
1070 1326 1119 1388 ais
1143 1325 1246 1388 nulla
1272 1348 1309 1389 re

246 1429 335 1493 allici
384 1428 557 1493 hominum
606 1435 735 1491 mentes
785 1434 937 1511 oportere
983 1428 1026 1492 ad
1062 1430 1308 1515 magistratum
1386 1466 1388 1476 ν

246 1532 471 1597 mandandum
491 1533 555 1597 uisi
575 1531 753 1618 dignitate,
772 1531 835 1596 hoc
857 1538 894 1595 tu
917 1533 998 1617 ipse,
1022 1534 1058 1595 in
1079 1555 1147 1617 quo
1165 1555 1309 1597 summa

245 1645 297 1701 est
325 1636 481 1721 dignitas,
514 1658 581 1711 non
612 1657 737 1700 servas.
784 1635 855 1699 Cur
890 1638 979 1700 enim
1013 1658 1229 1721 quemquam,
1264 1648 1308 1702 ut

244 1740 380 1805 studeat
406 1740 477 1815 tibi,
501 1748 596 1805 utta
617 1740 766 1817 adiuvet,
792 1740 915 1827 rogas?
960 1741 1072 1827 Rogas
1099 1748 1139 1805 tu
1164 1764 1229 1820 me,
1264 1751 1308 1806 ut

162 1830 167 1833 ’
194 1860 224 1904 ao
245 1844 326 1907 mihi
342 1844 476 1927 praesia,
490 1851 529 1907 ut
545 1845 751 1907 committam
766 1866 830 1930 ego
845 1866 898 1909 me
914 1844 984 1909 tibi.
1034 1842 1127 1923 Quid
1136 1844 1304 1909 taudem?

203 1957 206 1965 '
244 1950 332 2012 istuc
358 1970 409 2012 me
434 1948 541 2032 rogari
565 1955 696 2031 oportet
717 1947 774 2012 abs
800 1956 833 2013 te
857 1970 901 2013 an
928 1955 962 2013 te
986 1949 1098 2033 potius
1128 1970 1149 2012 a
1170 1971 1234 2024 me,
1261 1959 1306 2014 ut

195 2055 233 2117 77
246 2074 304 2135 pro
320 2072 393 2115 mea
408 2051 516 2115 salute
532 2050 677 2113 laborem
689 2053 944 2137 periculumque
960 2054 1146 2137 suscipias?
1190 2053 1302 2132 Quid,

246 2155 338 2240 quod
368 2155 468 2219 habes
498 2154 806 2219 nomenclatorem?
835 2158 870 2220 in
902 2179 940 2221 eo
971 2156 1109 2242 quidem
1139 2156 1229 2222 fallis
1264 2168 1303 2223 et

247 2259 383 2343 decipis.
429 2258 525 2334 Nam,
550 2260 579 2322 si
601 2260 735 2322 nomine
763 2262 924 2344 appellari
954 2262 1011 2327 abs
1043 2270 1077 2327 te
1107 2263 1192 2327 civis
1217 2270 1301 2327 tuos
1352 2257 1354 2260 ¹

194 2380 223 2425 35
246 2365 423 2428 honestum
447 2371 508 2438 est,
533 2371 629 2448 turpe
660 2370 713 2427 est
741 2386 797 2428 eos
828 2366 974 2430 notiores
1005 2388 1077 2431 esse
1107 2388 1203 2431 servo
1233 2375 1300 2432 tuo

246 2490 346 2554 quam
364 2468 435 2531 tibi.
483 2467 585 2546 Quid,
602 2467 704 2551 quod,
730 2490 806 2532 cum
830 2468 1029 2547 admoneris,
1055 2477 1178 2545 tamen,
1195 2474 1297 2555 quasi

246 2581 319 2637 tute
350 2573 449 2648 noris,
481 2572 529 2636 ita
558 2572 709 2636 salutas?
755 2572 855 2652 Quid,
884 2574 986 2657 quod,
1017 2583 1232 2666 posteaquam
1259 2598 1297 2640 es

246 2677 452 2761 designatus,
476 2677 583 2740 multo
609 2679 737 2741 salutas
764 2678 1021 2763 neglegentius?
1067 2678 1160 2743 Haec
1182 2681 1298 2743 omnia

245 2781 287 2845 ad
310 2782 471 2844 rationem
497 2781 642 2845 civitatis
669 2782 696 2845 si
724 2780 866 2867 derigas,
890 2790 981 2847 recta
1010 2790 1110 2858 suut3
1141 2784 1193 2847 sin
1225 2806 1297 2867 per-

192 2902 222 2945 40
244 2884 387 2969 pendere
427 2884 470 2948 ad
511 2884 706 2970 disciplinae
745 2893 920 2969 praecepta
954 2887 1047 2962 velis,
1084 2890 1296 2971 reperiantur

245 2989 450 3073 pravissima.
498 2989 609 3068 Quare
626 3012 687 3054 nec
704 2988 793 3073 plebi
804 2989 973 3053 Romanae
985 2991 1148 3071 eripiendi
1161 2992 1295 3056 fructus
1386 2999 1387 3070 ξ

244 3094 301 3157 isti
339 3101 421 3157 sunt
457 3092 624 3169 ludorum,
655 3092 892 3179 gladiatorum,
924 3092 1166 3166 conviviorum,
1206 3118 1294 3181 quae

245 3198 356 3261 omnia
388 3198 527 3261 maiores
558 3198 663 3261 nostri
695 3202 986 3278 comparaverunt,
1017 3215 1078 3257 nec
1106 3195 1294 3265 candidatis
1386 3207 1387 3258 3

244 3302 309 3365 ista
324 3300 512 3387 benignitas
530 3299 708 3363 adimenda
730 3306 791 3374 est,
816 3319 903 3382 quae
926 3297 1160 3362 liberalitatem
1185 3306 1294 3389 magis
1386 3293 1387 3348 Ῑ

193 3421 222 3465 45
244 3404 412 3491 significat
428 3426 526 3488 quam
544 3404 767 3489 largitionem.
1386 3407 1388 3478 ζ

194 3512 233 3574 78
289 3526 435 3573 XXXVII.
460 3508 510 3571 At
524 3507 613 3571 enim
640 3515 673 3571 te
698 3506 740 3570 ad
765 3507 990 3571 accusandum
1012 3530 1064 3573 res
1088 3511 1222 3593 publica
1237 3512 1292 3574 ad·
1386 3547 1387 3602 ἦ

245 3612 353 3676 duxit.
401 3612 520 3689 Crede,
539 3611 632 3688 Cato,
651 3618 683 3676 te
712 3612 775 3675 isto
803 3613 913 3676 auimo
939 3621 1041 3697 atque
1070 3636 1109 3677 ea
1135 3615 1289 3697 opinione

245 3717 397 3791 venisse3
421 3717 481 3781 sed
496 3724 535 3782 tu
551 3716 779 3801 imprudentia
801 3716 930 3782 laberis.
978 3718 1052 3803 Ego
1078 3716 1169 3802 quod
1193 3718 1288 3792 facio,
1386 3703 1387 3706 ¹

244 3820 381 3896 iudices,
398 3842 475 3885 cum
497 3822 662 3886 amicitiae
687 3821 930 3908 dignitatisque
947 3822 984 3887 L.
1001 3823 1162 3890 Murenae
1185 3822 1290 3906 gratia
1386 3877 1387 3914 ,
