2800 4367
492 310 574 364 car.
598 313 654 376 cr,
680 311 695 376 s
719 311 805 365 mm.
1160 299 1223 366 181

128 485 165 549 111
193 484 353 571 quosdam
390 485 542 550 homines
579 485 694 550 invehi
727 485 858 562 vellem,
886 486 962 571 quis
994 506 1061 550 non
1098 501 1225 550 oon-10

129 590 264 666 cederet,
282 596 323 653 ut
346 611 412 667 eoa,
429 611 574 675 quorum
598 590 733 654 sceleris
749 589 861 655 furore
886 590 1030 655 violatus
1056 611 1172 670 essem,

128 696 215 759 vocis
246 694 400 760 libertate
430 693 717 780 perstringerem?
774 692 840 758 Sed
871 715 968 780 agam
1001 693 1172 762 moderate

128 806 164 863 61
189 799 285 864 huius
315 799 429 884 potius
460 799 602 883 tempori
632 797 775 863 serviam
808 819 909 883 quam
941 797 1048 863 dolori
1079 820 1171 876 me03

127 903 232 988 siqui
256 904 389 968 occulte
416 924 436 966 a
461 903 570 968 salute
596 909 713 966 nostra
739 901 955 979 dissentiunt,
972 903 1119 980 lateant3
1142 904 1172 968 si

129 1008 186 1090 qui
197 1007 349 1072 fecerunt
363 1006 494 1092 aliquid
509 1005 691 1092 aliquando
708 1014 810 1091 atque
827 1006 936 1072 eidem
951 1028 1042 1072 nunc
1059 1014 1173 1072 tacent
1195 1023 1224 1070 11

129 1118 163 1174 61
183 1113 369 1196 quiescunt,
386 1133 447 1175 nos
476 1132 611 1195 quoque
639 1110 743 1174 simus
770 1109 885 1186 obliti;
909 1111 1013 1195 siqui
1036 1132 1071 1176 se
1094 1109 1173 1176 offe-

129 1224 213 1292 runt,
242 1217 461 1292 insectantur,
493 1214 606 1300 quoad
635 1213 717 1278 ferri
752 1221 922 1298 poterunt,
953 1214 1170 1299 perferemus,

128 1341 231 1405 neque
254 1341 458 1406 quemqnam
485 1318 638 1384 offendet
664 1319 771 1383 oratio
795 1340 877 1396 mea,
895 1319 960 1384 nisi
983 1320 1101 1404 quise
1124 1321 1172 1385 ita

129 1426 292 1508 optulerit,
316 1433 357 1488 ut
386 1425 421 1488 in
452 1446 529 1489 eum
560 1444 628 1487 non
658 1423 833 1500 invasisse,
856 1422 918 1489 sed
947 1424 1169 1490 incucurrisse

129 1528 305 1594 videamur.
1193 1545 1223 1590 ao

44 1620 45 1625 ¹
169 1633 232 1698 Sed
261 1655 397 1699 necesse
427 1640 489 1710 est,
516 1640 699 1717 antequam
736 1633 777 1697 de
807 1632 983 1698 tribunatu
1014 1633 1053 1697 P.
1081 1631 1168 1698 Sesti
1185 1639 1221 1700 15

44 1756 45 1823 g
128 1738 229 1803 dicere
244 1739 414 1823 incipiam,
431 1759 483 1802 me
501 1745 611 1802 totum
633 1738 816 1822 superioris
841 1738 920 1800 anni
945 1738 993 1802 rei
1016 1738 1168 1822 publicae

44 1836 45 1925 ᾗ
128 1843 334 1933 naufragium
362 1863 541 1926 exponere,
558 1843 592 1904 in
617 1863 684 1926 quo
710 1841 901 1928 colligendo
928 1863 966 1905 ac
991 1842 1170 1906 reficienda

129 1948 227 2012 salute
243 1947 414 2011 communi
429 1947 541 2010 omnia
563 1947 775 2030 reperientur
790 1946 829 2008 Ρ.
847 1944 936 2010 Sesti
952 1945 1052 2023 facta,
1069 1947 1168 2024 dicta,

44 2110 45 2122 ,
128 2052 256 2115 consilia
272 2058 415 2117 versata.
460 2067 527 2115 vn.
558 2049 684 2114 Fuerat
707 2051 764 2116 ille
780 2070 889 2115 annus
905 2051 971 2114 iam
988 2051 1022 2114 in
1039 2073 1073 2115 re
1089 2051 1171 2136 pub
1192 2067 1221 2112 25

44 2188 45 2238 l
129 2155 192 2233 lica,
208 2155 348 2232 iudices,
365 2177 442 2219 cum
457 2156 493 2217 in
514 2176 637 2240 magno
662 2162 755 2219 motu
783 2163 818 2220 et
842 2155 1024 2220 multorum
1050 2155 1168 2220 timore

44 2240 45 2315 1
128 2260 268 2325 intentus
299 2268 353 2324 est
381 2281 479 2324 arcus
509 2260 544 2322 iu
576 2281 628 2323 me
660 2281 778 2336 unum,
806 2260 895 2324 sicut
925 2260 1029 2345 vulgo
1060 2259 1168 2345 ignari

44 2364 45 2431 i
128 2384 227 2428 rerum
246 2363 482 2448 loquebantur,
500 2385 535 2427 16
551 2362 688 2448 quidem
713 2385 791 2428 vera
818 2364 853 2427 in
881 2364 1073 2428 universam
1097 2385 1167 2427 rem

44 2490 45 2509 ¹
129 2468 286 2550 publicam
302 2467 513 2532 traductione
536 2466 580 2530 ad
602 2467 734 2551 plebem
762 2467 937 2532 furibundi
964 2467 1107 2532 hominis
1130 2489 1168 2531 ac
1205 2483 1220 2528 1

129 2573 249 2654 perditi,
266 2573 350 2635 mihi
373 2572 459 2646 irati,
475 2571 536 2635 sed
559 2572 667 2635 multo
694 2572 804 2636 acrius
832 2572 892 2635 otii
919 2579 954 2636 61
981 2572 1168 2636 communis

129 2677 235 2741 salutis
250 2677 389 2741 inimici.
436 2675 540 2739 Hunc
566 2676 618 2739 vir
642 2676 845 2740 clarissimus
873 2676 1022 2761 mihique
1050 2676 1167 2740 multis

45 2783 48 2796 '
129 2780 383 2868 repugnantibus
411 2780 640 2857 amicissimus,
666 2780 728 2844 Cn.
754 2780 944 2865 Pompeius
973 2781 1063 2844 omni
1093 2802 1168 2844 oau-

45 2898 46 2935 1
130 2885 218 2962 tione,
235 2885 381 2960 foedere,
397 2885 608 2950 execratione
624 2884 825 2969 devinxerat
840 2885 924 2948 nihil
941 2886 976 2947 iu
993 2884 1166 2948 tribunatu

130 2998 233 3054 contra
270 3011 324 3054 me
363 3011 434 3054 esse
472 2988 652 3053 iacturum.
712 2989 812 3069 Quod
850 2990 905 3054 ille
945 2987 1092 3053 nefarius
1123 3011 1165 3053 ex
1190 3005 1219 3050 10

45 3088 49 3153 J
130 3095 266 3157 omnium
292 3094 459 3158 scelerum
488 3094 679 3159 colluvione
711 3101 811 3157 natus
842 3115 959 3178 parum
987 3115 1022 3158 se
1046 3092 1166 3158 foedus

44 3234 48 3252 ι
130 3198 322 3262 violaturum
350 3196 529 3261 arbitratus
556 3206 617 3274 est,
635 3198 699 3261 nisi
727 3199 836 3282 ipsum
868 3205 1037 3262 cautorem
1065 3198 1166 3262 alieni

130 3298 256 3382 periculi
283 3302 354 3366 suis
383 3303 523 3386 propriis
554 3302 711 3387 periculis
743 3303 926 3367 terruisset.
974 3302 1072 3366 Hanc
1100 3310 1165 3367 tae·
1180 3307 1217 3367 16

130 3412 203 3470 tram
217 3409 464 3491 immanemque
485 3405 619 3471 beluam
635 3407 785 3471 vinctam
809 3407 977 3491 auspiciis,
994 3407 1165 3492 alligatam

130 3528 208 3574 more
234 3511 407 3586 maiorum,
423 3511 638 3574 constrictam
666 3511 779 3596 legum
807 3519 1012 3575 sacratarum
1040 3512 1165 3576 catenis
1189 3525 1216 3568 1⁵

111 3613 220 3682 ‚solvit
244 3614 357 3679 subito
383 3615 458 3700 lege
487 3615 615 3678 curiata
640 3615 758 3678 consul
777 3615 843 3690 vel,
861 3622 900 3678 ut
925 3637 987 3701 ego
1014 3615 1163 3691 arbitror,

130 3726 274 3782 exoratus
289 3719 354 3795 vel,
372 3726 494 3782 utnon
509 3741 607 3783 nemo
623 3718 773 3802 putabat,
791 3719 873 3782 mihi
895 3720 1010 3794 iratus,
1030 3721 1164 3804 ignarus

130 3820 253 3901 quidem
290 3829 380 3886 certe
411 3829 446 3886 et
476 3821 658 3906 inprudens
697 3822 955 3908 inpendentium
995 3829 1165 3886 tantorum
