2800 4367
175 301 240 366 138
538 310 746 362 rrrsrouse
768 311 963 362 semeria

228 491 406 561 dicerene
430 488 517 554 forte
539 489 575 552 id
597 489 709 574 ipsum
726 488 865 554 verbum
888 511 1019 576 ponam,
1044 484 1148 574 quod
1170 483 1272 548 abste
1363 475 1364 512 ³

228 598 326 660 aiunt
341 594 425 660 [also
442 596 476 658 iu
500 617 551 658 me
575 595 682 659 solere
707 593 872 670 conferri;
895 594 955 660 sed
977 616 1027 670 ea,
1044 613 1142 680 quae
1168 588 1210 652 ad
1230 609 1274 651 me
1363 613 1364 620 ¹

228 700 341 764 delata
371 710 462 772 suun
490 699 577 762 maio
609 708 643 764 te
675 721 717 764 ex
752 699 947 784 Pomponio,
973 700 1029 764 eui
1062 718 1142 762 non
1175 694 1277 757 minus
1363 697 1364 726 i

230 805 369 869 molesta
403 803 551 876 fuerunt,
583 825 684 888 quam
722 825 764 868 ex
796 805 877 868 meis
907 805 1030 868 litteris
1062 819 1279 888 cognoscere.
1363 823 1364 836 2

175 925 207 972 aa
230 909 327 974 Meus
344 909 377 971 in
395 918 428 972 te
444 909 576 972 animus
592 927 694 991 quam
718 907 881 994 singulari
906 907 1015 972 officio
1040 906 1167 980 fuerit,
1185 911 1222 967 et
1241 923 1283 965 se-

231 1024 329 1078 natus
346 1023 381 1076 et
403 1012 548 1096 papulus
571 1013 741 1076 Ronranus
766 1013 863 1076 testis
887 1021 956 1078 est:
982 1019 1151 1097 iuquam
1172 1013 1283 1094 gratus

230 1139 310 1204 erga
334 1139 385 1180 me
411 1115 526 1182 fueris.
544 1117 613 1201 ipse
641 1117 833 1181 existimare
859 1124 973 1201 potes;
1002 1125 1182 1201 quantum
1209 1110 1284 1173 mihi

188 1225 208 1288 3
229 1222 359 1294 debeas,
383 1222 484 1286 ceteri
509 1221 714 1284 existiment.
763 1220 836 1306 Ego
860 1243 945 1305 quae
963 1229 1022 1284 tua
1046 1241 1156 1286 causa
1192 1221 1285 1279 antea

232 1327 306 1401 feei,
324 1326 499 1389 voluntate
515 1345 592 1388 sum
606 1323 774 1388 adductus
791 1333 974 1409 posteaque
990 1323 1193 1390 constantia
1206 1344 1215 1395 ;
1230 1317 1285 1382 sed

178 1447 207 1492 aa
230 1431 368 1514 reliqua,
381 1429 461 1492 mihi
473 1427 579 1504 crede,
588 1429 696 1492 multo
707 1429 813 1492 maius
825 1449 934 1493 meum
945 1429 1097 1492 studium
1109 1427 1285 1492 maiorem-

231 1557 298 1618 que
314 1534 515 1620 gravitatem
531 1543 565 1596 et
582 1532 729 1596 laborem
745 1532 957 1608 desiderant3
983 1555 1069 1618 quae
1086 1553 1156 1620 ego
1173 1530 1203 1594 si
1221 1547 1283 1590 uon

231 1637 436 1723 profundere
463 1658 500 1701 ae
529 1636 666 1721 perdere
695 1636 844 1714 videbor,
872 1638 1026 1703 omnibus
1052 1639 1137 1702 meis
1157 1632 1281 1700 viribus

231 1741 423 1815 sustineb03
446 1742 498 1805 sin
526 1750 639 1805 autem
666 1741 799 1828 ingrata
823 1763 894 1806 esse
922 1743 1075 1820 sentiam,
1099 1762 1174 1806 non
1203 1757 1283 1801 eom-

233 1846 374 1920 mittam‚
392 1855 433 1908 ut
454 1844 515 1908 tibi
542 1846 606 1930 ipsi
634 1846 779 1909 insanire
796 1844 919 1910 videar.
966 1846 1016 1909 Ea
1043 1868 1129 1931 quae
1155 1843 1229 1908 sint
1250 1845 1280 1902 et

179 1965 209 2010 aa
231 1949 428 2019 cuiusmodi,
456 1951 581 2034 poteris
608 1972 650 2015 ex
682 1950 868 2034 Pomponio
899 1972 1110 2036 cognoscere.
1161 1948 1278 2028 Aeque

233 2056 343 2139 ipsum
359 2054 421 2118 tibi
449 2053 672 2138 Pomponium
699 2055 748 2118 ita
774 2054 980 2130 commenda,
1007 2063 1278 2140 ut,quamqua1n

233 2159 339 2242 ipsius
355 2178 455 2222 eausa
470 2157 601 2222 confido
617 2166 651 2223 te
667 2157 837 2224 facturum
855 2180 926 2225 esse
947 2160 1067 2236 omnia,
1085 2167 1201 2223 tamen
1225 2151 1278 2215 abs

233 2271 266 2326 te
283 2262 344 2325 hoe
361 2269 482 2345 petam,
500 2269 549 2337 ua
565 2263 593 2326 si
610 2262 693 2347 quid
709 2263 744 2326 in
761 2271 795 2327 te
820 2263 945 2329 residet
966 2265 1088 2328 amoris
1112 2282 1194 2349 erga
1217 2277 1276 2329 me,

233 2365 268 2430 id
284 2387 380 2430 omne
397 2368 431 2428 in
449 2366 626 2450 Pomponii
642 2369 780 2454 negotio
803 2367 979 2433 ostendas:
1005 2368 1067 2432 hoo
1090 2368 1172 2432 mihi
1197 2359 1279 2428 nihil

180 2485 210 2530 ar
231 2470 360 2556 gratius
376 2468 484 2536 facere
500 2477 605 2556 potes.

645 3088 702 3146 (An
713 3088 782 3135 ΑΤΤ.
795 3101 813 3136 1.
826 3090 876 3144 16.)

559 3249 691 3299 CICERO
714 3251 846 3300 ATTICO
869 3251 946 3299 SAL.

206 3407 223 3466 1
282 3405 424 3485 Quaeris
456 3429 497 3472 ex
533 3431 596 3483 me,
629 3408 712 3493 quid
743 3409 901 3474 acciderit
938 3409 979 3476 de
1017 3408 1150 3487 iudicia
1188 3399 1270 3493 quod
1358 3293 1364 3422 i

237 3517 305 3573 tam
329 3518 460 3594 praeter
490 3513 681 3595 opinionem
713 3513 862 3576 omnium
893 3512 1021 3578 fautum
1052 3515 1106 3589 sit,
1123 3521 1158 3578 et
1179 3506 1296 3604 simul⁸
1360 3511 1364 3583 Ι

236 3614 288 3676 vis
325 3614 421 3686 seire,
452 3614 620 3697 quomodo
651 3637 713 3701 ego
744 3616 866 3693 minus,
898 3639 998 3701 quam
1029 3618 1163 3693 soleam,
1190 3633 1269 3700 proe-
1354 3590 1359 3653 i

236 3717 339 3780 iiaiUS
361 3717 441 3780 Sim:
475 3718 681 3802 respondebo
707 3719 767 3784 tibi
806 3719 920 3793 ὕστερον
954 3723 1087 3794 πρότερον
1115 3720 1267 3792 Ὃμηρίκῶς.
1352 3747 1364 3809 (ι

198 3819 310 3905 oligo
348 3820 447 3895 enim,
479 3821 641 3904 quamdiu
671 3829 809 3884 senatus
847 3822 1027 3883 auctoritas
1059 3821 1139 3882 mihi
1170 3819 1268 3884 defen·
1355 3826 1357 3864 i
