2800 4367
190 326 254 390 238
548 337 621 388 rao
643 337 673 387 r.
696 335 823 387 snsrro
846 335 994 386 osarro.

240 509 303 575 bus
318 517 354 575 et
367 511 517 595 potentia
532 509 625 595 leges
645 531 684 573 ac
708 507 831 573 iudicia
849 507 1069 594 perfringere.
1116 507 1212 587 Quae
1238 530 1290 572 res

240 615 409 680 hominem
433 614 577 699 inpellit,
595 621 634 676 ut
656 614 702 677 sit
727 620 793 676 tam
817 612 1068 697 intemperans?
1113 612 1288 676 Familiam

240 718 481 804 gladiatoriam,
497 716 606 793 credo,
623 725 743 782 nactus
764 724 817 782 est
837 718 1030 800 speciosam,
1047 716 1203 792 nobilem,
1220 717 1292 803 glo-

187 839 216 883 at
240 824 368 887 riosam.
415 821 521 886 Norat
535 821 649 887 studia
665 821 791 906 populi,
812 813 948 886 videbat
969 822 1130 886 clamores
1155 828 1190 885 et
1215 843 1291 886 con-

241 948 358 992 cursus
371 926 515 990 futuros.
556 925 631 990 Hac
644 926 897 1010 exspectatione
910 926 1020 991 elatus
1033 925 1130 989 homo
1143 924 1290 1011 flagrans

240 1031 426 1116 cupiditate
442 1031 568 1117 gloriae
582 1037 695 1096 tenere
712 1051 747 1094 se
765 1051 833 1094 non
849 1031 972 1115 potuit,
991 1031 1074 1115 quin
1090 1052 1146 1094 eos
1164 1029 1292 1115 gladia-

241 1144 330 1201 tores
346 1135 688 1220 induce1·et„quorum
700 1142 791 1199 esset
806 1135 876 1219 ipse
893 1134 1147 1219 pulcherrimus.
1194 1133 1232 1197 Si
1249 1133 1291 1198 ob

242 1262 315 1304 eam
339 1261 472 1304 causam
489 1246 642 1324 peccaret
656 1260 716 1324 pro
733 1239 859 1304 recenti
884 1239 1000 1323 populi
1026 1239 1168 1304 Romani
1194 1240 1231 1303 in
1255 1261 1291 1302 se

187 1361 216 1405 aa
239 1345 400 1410 beneficio
411 1345 566 1429 populari
581 1343 696 1408 studio
707 1344 827 1419 elatus,
839 1350 951 1408 tamen
969 1344 1159 1429 ignosceret
1171 1365 1271 1408 nemo
1283 1368 1290 1417 ;

242 1472 320 1541 cum
350 1471 429 1514 vero
460 1471 502 1513 ne
533 1448 574 1513 de
598 1447 775 1513 venalibus
806 1447 943 1532 quidem
970 1447 1121 1512 homines
1153 1448 1290 1523 electos,

241 1553 301 1618 sed
334 1575 376 1618 ex
412 1553 593 1639 ergastulis
624 1559 754 1637 emptos
782 1552 972 1616 nominibus
1002 1550 1212 1637 gladiatoriis
1244 1575 1292 1615 or-

240 1660 329 1722 narit
363 1665 402 1722 et
436 1658 556 1722 sortito
599 1658 682 1720 alios
722 1655 899 1732 Samnites,
934 1656 1017 1720 alios
1055 1664 1291 1740 provocatores

187 1781 216 1824 34
238 1763 365 1838 fecerit,
391 1769 486 1827 tanta
509 1763 657 1838 licentia,
681 1769 777 1825 tanta
804 1761 918 1847 legum
934 1762 1151 1846 'contemptio
1177 1783 1290 1825 nonne

167 1870 224 1933 135
243 1890 345 1954 quem
376 1867 530 1931 habitura
560 1869 606 1931 sit
636 1867 766 1930 exitum
802 1866 1034 1950 pertimescit?
1093 1865 1160 1930 Sed
1190 1865 1292 1930 habet

242 1973 453 2037 defensiones
492 1970 586 2046 duas,
614 1972 760 2055 primum
792 1969 890 2047 ‘D0,'
923 1971 1044 2055 inquit,
1079 1970 1290 2042 ‘bestiari0s3

243 2078 298 2141 lex
325 2077 451 2159 scripta
474 2075 515 2140 de
538 2074 802 2162 gladiatoribus?
850 2073 1005 2140 Festive!
1053 2075 1211 2159 Accipite
1235 2075 1291 2138 ali-

240 2181 323 2265 quid
334 2180 435 2244 etiam
451 2183 594 2245 acutius.
634 2181 736 2245 Dicet
750 2200 785 2245 se
801 2201 868 2244 non
884 2179 1097 2266 gladiatores
1108 2179 1167 2245 sed
1183 2201 1290 2244 unum

239 2284 461 2372 gladiatorem
483 2285 561 2349 dare
592 2292 627 2349 et
651 2292 758 2348 totam
785 2283 993 2349 aedilitatem
1021 2285 1056 2347 in
1079 2305 1203 2348 munus
1228 2284 1289 2348 hoc

187 2406 215 2451 lo
238 2390 463 2453 transtulisse.
521 2388 697 2453 Praeclara
728 2388 906 2454 aedilitas!
941 2411 1028 2453 unus
1059 2390 1122 2466 lec,
1151 2388 1290 2454 ducenti

228 2494 398 2557 bestiarii.
450 2492 577 2557 Verum
607 2500 725 2559 utatur
750 2493 812 2558 hac
842 2492 1056 2569 defensione3
1088 2494 1187 2578 cupio
1213 2515 1289 2558 eum

242 2620 322 2662 suae
346 2618 464 2662 causae
491 2596 668 2661 confidere.
715 2589 810 2662 Solet
833 2598 924 2662 enim
949 2597 1101 2662 tribunos
1118 2599 1162 2682 pl.
1179 2598 1291 2683 appel-

243 2704 310 2766 lare
327 2709 362 2765 et
377 2702 412 2765 vi
425 2699 588 2764 iudicium
605 2701 803 2778 disturbare,
821 2724 898 2767 eum
916 2702 1048 2767 diffidit.
1096 2703 1206 2782 Quem
1223 2724 1289 2765 non

240 2815 307 2870 taur
339 2805 493 2880 admiror,
525 2806 617 2890 quod
652 2828 760 2871 meam
790 2808 900 2894 legem
929 2809 1116 2873 contemnit
1144 2807 1289 2872 hominis

186 2929 215 2972 45
238 2911 375 2986 inimici,
408 2930 509 2992 quam
548 2910 640 2994 quod
669 2911 717 2976 sic
749 2912 880 2988 statuit,
912 2913 1049 2977 omnino
1079 2913 1305 2978 consularem.

239 3016 348 3100 legem
379 3014 507 3076 nullam
538 3023 666 3099 putare.
728 3015 908 3080 Caeciliam
947 3016 1093 3093 Didiam,
1111 3017 1287 3082 >Liciniam

243 3120 376 3182 Iuniam
398 3120 610 3204 contempsit.
657 3120 812 3185 Etiamne
838 3122 921 3197 eius,
942 3143 1042 3206 quem
1067 3143 1129 3186 sua
1154 3122 1229 3208 lege
1255 3128 1288 3184 et

239 3245 302 3287 suo
325 3223 487 3288 beneficio
513 3231 678 3302 ornatum,
701 3226 881 3302 munitum,
910 3233 1075 3290 armatum
1106 3226 1192 3290 solet
1222 3225 1289 3311 glo

242 3329 330 3403 riari,
358 3326 396 3391 O.
425 3327 586 3405 Caesaris,
615 3329 722 3415 legem
754 3329 795 3395 de
823 3319 975 3414 pecuniis
1003 3329 1197 3414 repetundis
1222 3349 1286 3392 non

186 3448 217 3494 oo
238 3440 338 3518 putat
361 3453 432 3497 esse
456 3433 591 3519 legem?
638 3433 684 3496 m
708 3435 805 3498 aiunt
829 3434 910 3498 alios
936 3435 1097 3519 assequi
1120 3439 1195 3498 acta
1211 3432 1287 3497 Cae·

240 3538 323 3601 saris
338 3537 541 3613 rescindant,
558 3559 635 3602 cum
650 3538 732 3603 haec
749 3520 889 3624 optuma
911 3539 968 3602 lex
992 3545 1027 3602 et
1042 3537 1084 3603 ab
1100 3538 1158 3602 illo
1176 3556 1286 3602 socero

242 3644 314 3707 eius
331 3650 366 3707 et
381 3641 500 3707 abhoc
516 3642 672 3708 adsecula
687 3642 904 3730 neglegatur-l
951 3659 1037 3707 axv.
1063 3642 1109 3706 Et
1124 3639 1285 3707 cohortari

242 3755 419 3812 aususest
442 3749 672 3812 accusatoria
700 3747 761 3811 hac
785 3769 885 3812 causa
908 3769 979 3822 vos,
1005 3746 1144 3822 iudices,
1169 3753 1209 3810 ut
1233 3744 1286 3807 ali·

241 3853 378 3936 quando
394 3853 511 3916 essetis
526 3852 645 3926 severi,
663 3851 847 3935 aliquando
865 3851 1065 3916 medicinam
1087 3848 1284 3915 adhiberetis
