2800 4367
211 358 275 424 244
555 370 627 420 rso
650 370 680 420 r.
705 368 1002 420 snsr100nnrro.

263 550 299 609 et
318 541 607 608 conservatoribus
631 541 867 605 calamitatem.
913 538 971 603 An
995 560 1058 625 ego
1081 539 1117 601 in
1142 538 1204 603 hac
1228 537 1306 604 urbe

209 664 240 710 40
261 669 332 713 esse
355 647 479 732 possim
503 646 555 709 his
579 645 697 730 pulsis,
722 645 781 730 qui
805 665 857 708 me
880 643 981 708 huius
1012 642 1104 707 urbis
1132 651 1306 729 conpotem

172 738 174 741 ’
265 751 443 817 fecerunt?
487 749 563 812 Non
595 770 661 826 ero,
690 770 757 810 uon
781 754 897 832 potero
919 769 1001 824 esse,
1027 746 1175 824 iudices3
1199 769 1306 832 neque

262 856 316 921 hic
340 875 502 940 umquam
525 875 618 937 puer,
643 853 701 937 qui
732 851 784 915 his
815 851 969 927 lacrimis,
1002 873 1070 936 qua
1096 853 1143 917 sit
1172 853 1306 936 pietate,

262 959 418 1036 declarat,
442 959 563 1022 amisso
586 963 681 1042 patre
705 977 778 1020 suo.
797 962 933 1041 propter
963 977 1014 1020 me
1046 977 1098 1020 me
1129 957 1239 1041 ipsum
1263 957 1308 1018 in-

262 1065 427 1128 columem
453 1060 581 1127 videbit
603 1082 675 1136 nec,
701 1061 1005 1144 quotienscumque
1029 1081 1081 1125 me
1105 1060 1238 1135 viderit,
1264 1061 1308 1121 in-

208 1183 238 1228 45
259 1174 429 1253 gemescet
443 1188 481 1230 ac
497 1172 626 1250 pestem
642 1186 738 1228 suam
754 1186 792 1228 ac
808 1165 912 1248 patris
935 1165 988 1228 sui
1011 1185 1046 1228 se
1070 1163 1161 1228 dicet
1184 1162 1306 1228 videre.

262 1271 335 1358 Ego
351 1293 430 1336 vero
446 1270 505 1333 hos
521 1270 557 1332 in
573 1269 663 1332 omni
680 1267 827 1345 fortuna,
845 1289 1080 1354 quaecumque
1104 1269 1167 1332 erit
1187 1267 1307 1342 oblata,

261 1377 462 1461 conplectar,
481 1395 542 1439 nec
559 1371 737 1449 meabile,
755 1395 839 1457 quos
864 1395 937 1437 meo
961 1373 1098 1437 nomine
1120 1371 1308 1437 sordidatos

262 1479 394 1558 videtis,
430 1500 591 1564 umquam
631 1478 703 1541 ulla
742 1476 879 1540 fortuna
917 1476 1073 1554 divellet,
1108 1498 1220 1561 neque
1252 1498 1307 1542 eae

221 1665 223 1668 y
262 1584 423 1659 ostiense,
448 1581 572 1667 quibus
597 1603 649 1645 me
674 1588 811 1644 senatus
837 1579 1094 1658 commendavit,
1119 1580 1244 1666 quibus
1268 1581 1308 1644 de

208 1703 238 1748 50
260 1709 312 1751 me
327 1688 451 1773 gratias
469 1687 548 1772 egit,
566 1686 656 1749 hune
673 1685 810 1749 exulem
829 1691 966 1769 propter
981 1707 1032 1749 me
1049 1687 1122 1750 sine
1146 1707 1199 1750 me
1221 1685 1309 1750 vide-

190 1794 246 1856 147
261 1791 355 1855 bunt.
401 1787 469 1854 Sed
496 1789 576 1853 haec
601 1789 635 1852 di
660 1789 874 1864 immortaleS,
902 1789 961 1873 qui
987 1810 1039 1853 me
1072 1789 1142 1852 suis
1173 1789 1307 1873 templis

261 1893 497 1959 advenientem
527 1900 726 1978 receperunt
759 1893 921 1976 stipatum
950 1891 1067 1956 abhis
1100 1893 1179 1957 viris
1206 1901 1242 1956 et
1271 1892 1307 1954 Ρ.

262 1999 407 2062 Lentulo
423 1998 569 2074 consule,
590 2004 692 2082 atque
717 1997 789 2082 ipsa
812 2018 864 2061 res
888 1995 1032 2081 publica,
1057 1984 1132 2080 qua,
1149 1997 1235 2060 nihil
1259 2005 1309 2060 est

263 2103 422 2178 sanctius,
441 2109 570 2166 vestrae
595 2102 765 2186 potestati,
783 2100 920 2177 iudices,
940 2101 1188 2165 commiserunt.
1238 2101 1307 2164 Vos

208 2218 238 2263 55
259 2205 320 2270 hoc
337 2206 462 2270 iudicio
479 2206 628 2270 omnium
644 2204 807 2269 bonorum
824 2211 954 2270 mentes
978 2206 1181 2282 confirmare,
1200 2207 1308 2290 inpro-

263 2310 381 2376 borum
397 2312 575 2394 reprimere
591 2310 742 2394 potestis,
759 2329 819 2374 vos
842 2310 895 2373 his
919 2311 1050 2375 civibus
1074 2311 1125 2374 uti
1148 2311 1307 2394 optumis,

262 2437 321 2479 vos
338 2436 389 2478 me
405 2413 539 2478 reficere
556 2420 591 2478 et
614 2433 772 2476 renovare
794 2434 863 2476 rem
887 2413 1063 2497 publicam.
1111 2413 1225 2493 Quare
1250 2435 1307 2478 vos

263 2519 411 2582 obtestor
426 2524 527 2601 atque
552 2515 698 2593 obsecre,
716 2524 765 2593 ut,
781 2516 810 2580 si
826 2538 878 2580 me
895 2517 1027 2582 salvum
1052 2539 1122 2582 esse
1139 2518 1306 2595 voluistis,

262 2643 319 2686 eos
334 2621 550 2697 conservetiS,
567 2642 627 2706 per
642 2642 727 2705 quos
744 2642 796 2686 me
812 2621 1081 2708 recuperavistis.
