2800 4367
425 351 507 402 cur.
531 351 620 413 45-11,
644 352 659 413 s
680 350 787 404 or-ror.
1117 337 1176 400 221

91 523 255 590 multitudo
281 532 342 590 est
363 545 489 592 eorum,
514 524 573 608 qui
599 529 660 587 aut
685 529 822 608 propter
847 527 975 587 metum
1002 543 1127 607 poenae
1152 538 1181 584 1o

89 635 289 713 peccatorum
308 649 453 693 suorum
469 627 594 692 conscii
618 647 723 691 novos
747 633 858 691 motus
882 625 1128 691 conversiones-

89 753 140 814 que
161 733 208 796 rei
237 732 405 818 publicae
433 737 608 815 quaerant,
639 737 701 796 aut
731 731 790 814 qui
821 737 956 814 propter
985 730 1124 794 insitum

88 835 240 919 quendam
257 838 371 901 animi
387 835 534 900 furorem
556 833 732 900 discordiis
756 834 880 898 civium
903 854 941 898 ac
961 833 1126 899 seditione

87 949 265 1022 pascantur,
284 948 351 1006 aut
371 941 432 1025 qui
455 947 592 1024 propter
613 938 867 1023 inplicationem
891 938 938 1002 rei
955 937 1126 1002 familiaris
1186 991 1191 1000 .

87 1046 243 1108 communi
273 1043 436 1110 incendio
463 1043 583 1108 malint
607 1063 709 1127 quam
734 1062 796 1106 suo
822 1040 1014 1126 deflagrare.
1061 1041 1128 1119 Qui
1154 1060 1180 1104 rs

87 1169 149 1210 cum
163 1156 305 1215 tutores
321 1156 405 1213 sunt
419 1154 455 1213 et
469 1146 572 1212 duces
587 1168 726 1210 suorum
743 1145 933 1210 studiorum
957 1146 1128 1210 vitiorum-

87 1273 139 1334 que
153 1255 260 1329 nacti,
279 1254 319 1316 in
335 1274 370 1317 re
394 1251 527 1336 publica
547 1249 673 1315 fluctus
697 1251 900 1324 excitantur,
926 1258 967 1312 ut
989 1237 1128 1336 vigilan·

87 1355 153 1418 dum
168 1358 216 1421 sit
231 1359 290 1434 iis,
308 1357 369 1442 qui
384 1354 449 1420 sibi
464 1354 694 1441 gubernacula
706 1353 833 1438 patriae
851 1353 1127 1438 depoposcerunt,

88 1460 349 1545 enitendumque
374 1461 464 1523 omni
489 1459 632 1524 scientia
658 1479 695 1522 ao
724 1457 910 1543 diligentia,
938 1465 979 1522 ut
1002 1478 1129 1522 conser-

90 1565 160 1627 vatis
186 1566 242 1640 iis,
271 1585 360 1650 quae
385 1585 449 1650 ego
471 1564 573 1648 paulo
590 1569 669 1627 ante
694 1560 914 1625 fundamenta
929 1581 967 1626 ao
984 1559 1130 1625 membra
1153 1579 1182 1624 no

89 1690 146 1732 esse
170 1669 260 1746 dixi,
286 1677 404 1734 tenere
429 1689 565 1732 cursum
590 1667 722 1750 possint
746 1672 781 1729 et
807 1686 923 1749 capere
944 1665 1005 1729 otii
1030 1665 1127 1728 illum

88 1779 211 1854 portum
227 1782 267 1839 et
282 1773 470 1859 dignitatis.
516 1770 615 1834 Hanc
639 1791 703 1856 ego
727 1769 825 1846 viam,
852 1768 990 1844 iudices,
1015 1770 1043 1833 si
1068 1773 1224 1871 11111100.

89 1897 228 1961 asperam
259 1884 364 1962 atque
390 1875 529 1940 arduam
555 1882 617 1938 aut
642 1873 775 1958 plenam
801 1893 872 1938 esse
899 1873 1124 1958 periculorum

89 1990 138 2044 aut
151 1983 356 2048 insidiarum
371 2002 501 2068 negem,
519 1979 672 2054 mentiar,
688 1978 882 2062 praesertim
903 1999 980 2042 cum
1004 1976 1039 2041 id
1062 1998 1129 2042 non

91 2085 177 2150 nodo
205 2086 436 2151 intellexerim
461 2105 604 2168 semper,
631 2081 692 2148 sed
724 2081 823 2148 ctiam
856 2088 988 2166 praeter
1003 2089 1130 2147 ceteros
1152 2095 1183 2143 ao

89 2192 255 2254 senserim.

126 2313 242 2360 xuvn.
267 2297 451 2362 Maioribus
467 2295 639 2383 praesidiis
655 2303 692 2362 et
711 2295 815 2380 copiis
839 2301 1055 2382 oppugnatur
1076 2313 1129 2358 res

92 2399 217 2481 publica
230 2423 330 2487 quam
346 2401 552 2479 defenditur,
569 2407 745 2488 propterca
758 2396 850 2485 quod
865 2397 1008 2463 audaces
1028 2397 1131 2461 horni-

92 2522 141 2566 nes
156 2513 192 2568 et
208 2505 331 2590 perditi
347 2513 435 2570 nutu
452 2506 674 2590 impelluntur
689 2512 725 2568 et
740 2504 803 2588 ipsi
815 2505 916 2568 etiam
932 2509 1052 2588 sponte
1069 2522 1130 2568 sua

92 2615 199 2672 contra
214 2609 467 2694 rempublicam
486 2610 691 2683 incitantnr3
715 2607 793 2672 boni
810 2609 923 2672 nescio
940 2628 1007 2692 quo
1031 2605 1130 2670 modo

93 2711 248 2777 tardiores
260 2721 387 2779 suntet
402 2715 575 2799 principiis
588 2735 698 2778 rerum
713 2712 876 2798 neglectis
889 2711 931 2776 ad
944 2719 1132 2788 extremum
1168 2725 1184 2772 5

92 2813 156 2897 ipsa
178 2816 324 2902 denique
348 2820 547 2883 necessitate
571 2819 771 2893 excitantur,
800 2818 847 2881 ita
877 2823 918 2880 ut
947 2837 1013 2880 non
1037 2837 1132 2880 nurn-

94 2939 184 3001 quam
203 2923 416 2987 cunctatione
427 2945 464 2986 ac
482 2922 649 2996 tarditate,
668 2921 749 2984 dum
767 2921 872 2985 otium
890 2920 1011 2985 volunt
1027 2921 1128 2985 etiam

94 3023 156 3088 sine
173 3026 336 3111 dignitate
362 3027 516 3102 retinere,
544 3028 606 3110 i'psi
634 3035 816 3109 utrumque
842 3025 1008 3088 amittant.
1056 3023 1134 3087 Pro·
1150 3027 1204 3087 101

94 3138 287 3213 pugnatores
312 3137 425 3195 autem
449 3131 497 3195 rei
521 3129 673 3214 publicae
696 3130 755 3213 qui
784 3150 854 3193 esse
887 3129 1078 3204 voluemnt,
1103 3127 1130 3191 si

40 3220 42 3269 l
94 3228 227 3299 leviores
242 3243 333 3306 sunt,
350 3235 552 3308 desciscunt,
568 3235 597 3297 si
621 3233 815 3308 timidiores,
842 3231 984 3308 desunt;
1009 3245 1185 3318 perma1o

40 3328 41 3355 ³
95 3344 169 3400 nent
183 3338 233 3401 illi
249 3340 310 3402 soli
326 3347 429 3423 atque
446 3340 557 3402 omnia
573 3339 620 3402 rei
645 3337 797 3422 publicae
822 3345 922 3401 causa
944 3336 1129 3421 perferunt,

96 3442 147 3522 qui
167 3451 248 3506 sunt
263 3444 356 3519 tales,
382 3443 493 3528 qualis
509 3450 606 3527 pater
622 3449 714 3518 tuus,
739 3442 786 3505 Μ.
811 3440 945 3517 Scauro,
969 3441 1046 3518 fuit,
1072 3441 1131 3526 qui

96 3545 168 3608 aO.
185 3545 336 3611 Graccho
358 3569 467 3631 usque
489 3547 533 3611 ad
549 3545 590 3626 Q.
615 3546 756 3610 Varium
782 3545 949 3611 seditiosis
975 3545 1128 3610 omnibns

97 3651 220 3726 restitit,
248 3673 347 3736 quem
379 3673 565 3735 numquam
595 3650 666 3715 ulla
697 3652 759 3728 vis,
791 3650 880 3714 ullae
911 3651 1030 3726 minae,
1062 3649 1132 3712 ulla

97 3749 216 3817 invidia
229 3754 396 3832 labefecit,
421 3763 480 3819 aut
503 3755 613 3840 qualis
639 3754 680 3833 Q.
708 3754 879 3830 Metellus,
904 3762 1045 3838 patruus
1070 3775 1134 3817 ma·
1155 3765 1184 3812 15

99 3857 153 3922 tris
183 3864 268 3936 tuae,
298 3860 360 3948 ¹qui
391 3881 468 3925 cum
504 3857 679 3927 florentem
711 3859 881 3928 hominem
911 3859 946 3920 in
976 3858 1129 3946 populari
1192 3879 1193 3882 ’
