2800 4367
541 358 620 409 car.
646 358 701 419 oo,
727 360 741 419 ς
763 358 834 410 7-12.
1198 348 1239 413 19
1326 358 1330 365 ·

140 529 313 592 hominum
336 528 513 609 lubidines,
536 517 603 592 non
626 530 790 593 humanae
814 552 851 594 ao
875 529 1067 595 tolerandae
1090 531 1189 595 auda-

140 635 230 708 ciae;
262 632 346 695 nihil
376 634 527 719 cogitant
557 635 621 696 nisi
652 633 798 709 eaedem,
829 635 894 697 nisi
928 634 1091 712 incendia,
1124 638 1188 700 nisi
1212 654 1240 698 15

139 738 280 822 rapinas
336 736 543 801 Patrimonia
573 759 633 801 sua
662 736 895 822 profuderunt,
927 739 1079 803 fortunas
1109 763 1194 808 suas,

139 841 396 928 obligaverunt3
420 862 472 905 res
490 862 545 906 eos
562 843 627 905 iam
644 841 771 925 pridem
800 841 958 918 deseruit,
975 843 1056 909 fides
1082 865 1190 929 nuper

140 946 279 1011 deficere
303 947 430 1030 eoepit3
458 944 575 1010 eadem
594 954 706 1011 tamen
730 947 797 1023 illa,
823 968 907 1031 quae
932 955 1003 1011 erat
1027 949 1062 1011 in
1086 948 1188 1012 abuu-

140 1050 263 1127 dantia,
276 1050 392 1114 lubido
409 1056 592 1135 permanet.
639 1050 770 1129 Quodsi
789 1052 824 1113 in
842 1052 919 1114 vino
935 1058 971 1115 et
990 1050 1062 1116 alea
1074 1054 1189 1117 cornis·

138 1156 285 1218 sationes
308 1155 418 1218 solum
442 1162 477 1218 et
497 1161 606 1218 soorta
629 1163 840 1239 quaererent,
858 1163 970 1220 essent
984 1156 1034 1218 illi
1051 1156 1188 1241 quidem
1210 1175 1240 1219 no

139 1258 348 1343 desperandi,
376 1258 436 1322 sed
464 1265 576 1323 tamen
604 1266 718 1323 essent
742 1257 890 1333 ferendi3
922 1260 984 1323 hoo
1010 1282 1089 1324 vero
1111 1262 1188 1345 quis

139 1362 225 1427 ferre
249 1346 364 1446 possit,
389 1364 513 1427 inertes
535 1363 686 1428 homines
711 1363 903 1427 fortissimis
923 1364 1003 1428 viris
1027 1364 1187 1441 insidiari,

139 1468 355 1531 stultissimos
378 1467 658 1553 prudentissimis,
679 1466 824 1531 ebriosos
846 1467 974 1543 sobriis,
991 1468 1187 1534 dormientis

139 1571 383 1657 vigilantibus?
420 1573 480 1656 qui
511 1571 592 1634 mihi
624 1571 823 1635 aoeubantes
856 1572 891 1635 in
921 1573 1085 1637 conviviis
1113 1595 1189 1637 oon·

138 1677 230 1760 plexi
256 1677 411 1740 mulieres
436 1676 611 1759 inpudicas
639 1678 719 1741 vino
744 1675 907 1761 languidi,
934 1676 1076 1741 conferti
1102 1676 1185 1754 cibe,
1209 1695 1238 1739 25

138 1781 234 1846 sertis
262 1779 418 1855 redimiti,
442 1782 626 1865 unguentis
644 1780 750 1856 obliti,
767 1764 934 1845 debilitati
949 1764 1075 1865 stupris
1096 1803 1189 1847 eruo-

139 1892 214 1949 tant
238 1883 450 1949 sermonibus
481 1885 551 1948 suis
583 1884 718 1948 caedem
756 1884 919 1949 bonorum
956 1893 1057 1969 atque
1096 1886 1187 1950 urbis

139 1988 302 2053 incendia.
353 1988 485 2067 Quibus
516 2010 578 2073 ego
609 1989 740 2052 ooufido
771 1981 962 2074 impendere
994 1988 1102 2053 fatum
1132 1991 1188 2053 ali·
1201 1995 1236 2054 11

139 2093 240 2177 quod,
257 2101 292 2157 et
313 2114 453 2176 poenam
474 2092 612 2155 iamdiu
630 2093 844 2177 improbitati,
862 2094 1042 2177 nequitiae,
1059 2095 1185 2171 sceleri,

138 2196 270 2261 libidini
310 2196 457 2261 debitam
497 2204 557 2261 aut
596 2198 720 2262 instare
760 2199 825 2261 iam
865 2199 963 2282 plane
1004 2205 1064 2262 aut
1097 2207 1186 2264 certe
1209 2215 1239 2259 ao

138 2299 413 2385 adpropinquare.
476 2299 570 2379 Quos
600 2303 628 2365 si
662 2323 756 2365 meus
790 2303 995 2378 consulatus,
1028 2304 1187 2388 quoniam

137 2425 253 2468 sanare
280 2426 347 2467 non
373 2411 493 2488 potest,
520 2406 707 2481 sustulerit,
736 2428 803 2469 non
829 2405 928 2471 breve
957 2409 1068 2471 neseio
1096 2408 1186 2493 quod

137 2515 280 2591 tempus,
315 2507 374 2571 sed
408 2508 513 2571 multa
546 2510 697 2600 saecula
713 2512 905 2595 propagarit
940 2512 988 2575 rei
1021 2511 1183 2595 publicae.

137 2611 241 2674 Nulla
279 2618 331 2675 est
367 2613 456 2675 enim
496 2614 596 2687 natio,
634 2634 736 2697 quam
768 2615 1049 2697 pertimescamus,
1071 2616 1185 2679 nullus

137 2737 207 2792 rex,
224 2716 283 2799 qui
300 2715 424 2779 bellum
444 2716 568 2800 populo
593 2716 742 2780 Romano
766 2716 875 2783 facere
900 2720 1014 2803 possit.
1062 2718 1185 2783 Omnia
1208 2735 1236 2779 35

136 2827 218 2883 sunt
257 2827 396 2883 externa
436 2821 536 2883 unius
568 2821 694 2885 virtute
735 2829 822 2885 terra
862 2823 1011 2907 marique
1053 2832 1184 2908 paoata3

136 2923 356 2987 domesticum
387 2922 511 2987 bellum
539 2932 660 3000 manet,
688 2926 781 2989 intus
806 2925 945 2990 insidiae
973 2934 1063 3003 sunt,
1093 2929 1184 2991 intus

137 3027 305 3090 inclusum
332 3028 519 3111 periculum
545 3036 606 3104 est,
632 3029 725 3093 intus
752 3037 805 3093 est
831 3030 946 3093 hostis.
995 3030 1081 3094 Cum
1112 3033 1186 3094 lux·

137 3130 210 3194 uria
234 3129 339 3207 nobis,
365 3151 442 3194 oum
467 3133 623 3209 amentia,
645 3136 723 3196 oum
747 3134 871 3197 seelera
898 3134 1095 3199 certandum
1121 3142 1182 3199 est.

138 3234 228 3298 Huio
261 3255 323 3319 ego
357 3256 408 3298 me
442 3234 530 3300 bello
561 3235 680 3299 ducem
715 3237 882 3321 profiteor,
915 3238 1085 3318 Quirites3
1117 3261 1185 3303 sus·
1207 3255 1237 3299 40

136 3337 223 3422 cipio
257 3337 447 3401 inimicitias
478 3339 651 3403 hominum
681 3340 912 3424 perditorum;
951 3364 1037 3427 quae
1074 3344 1183 3407 sanari

136 3447 307 3525 poterunt,
335 3464 548 3527 quacumque
576 3444 703 3507 ratione
730 3445 863 3522 sanabo,
892 3467 978 3530 quae
1006 3447 1185 3511 resecanda

136 3551 245 3621 erunt,
256 3566 323 3609 non
333 3547 442 3630 patiar
453 3545 495 3610 ad
507 3548 688 3631 perniciem
700 3549 846 3613 civitatis
856 3571 999 3614 manere.
1040 3550 1184 3616 Proinde

136 3656 197 3714 aut
212 3657 337 3714 exeant
351 3658 412 3714 aut
426 3650 602 3734 quieseant
617 3658 686 3727 aut,
703 3653 731 3714 si
752 3659 787 3716 et
807 3654 842 3715 in
858 3654 939 3717 urbe
963 3661 998 3718 et
1018 3655 1052 3716 in
1069 3655 1184 3719 eadem

136 3761 247 3819 mente
264 3760 470 3838 permanent,
487 3776 534 3831 ea,
552 3776 636 3840 quae
653 3764 833 3831 merentur,
851 3765 1039 3841 expectent.
1207 3775 1237 3819 45

176 3874 226 3922 VI.
251 3857 302 3923 At
322 3859 423 3923 etiam
437 3866 528 3934 sunt,
545 3860 605 3945 qui
621 3858 744 3935 dicant,
762 3859 921 3940 Quirites
938 3884 957 3924 a
973 3884 1024 3927 me
1041 3863 1184 3928 eiectum
1198 3866 1237 3929 12
