2800 4367
170 314 213 380 88
438 325 480 378 ru
503 323 714 378 csrrnmau
737 321 880 378 onemo
902 323 1067 387 ausura

222 500 305 564 dum
321 500 416 566 vobis
430 507 509 565 ente
525 506 659 564 noctem
681 505 744 564 est.
791 497 966 578 Quantum
988 495 1123 562 facinus
1147 493 1197 562 ad
1222 519 1285 564 vos

222 601 373 670 delatum
398 605 454 681 sit,
478 603 611 670 videtis.
657 602 750 668 Huic
777 603 806 668 si
831 623 956 688 paucos
986 603 1115 688 putatis
1147 601 1284 666 adfines

170 725 199 770 ss
221 731 303 785 esse,
313 708 530 774 vehementer
541 709 670 773 erratis.
710 706 829 772 Latius
844 707 1000 791 opinione
1016 704 1284 772 disseminatum

221 821 275 878 est
287 814 350 878 hoc
366 813 511 889 malum3
535 813 687 878 manavit
701 833 769 876 non
785 812 896 876 solum
911 831 971 896 per
993 810 1139 887 Italiam,
1157 832 1283 875 verum

222 916 324 984 etiam
340 917 548 983 transcendit
561 918 669 1002 Alpes
683 923 720 982 et
734 915 874 980 obscure
897 936 1034 999 serpens
1057 915 1185 978 multas
1213 915 1283 977 iam

223 1021 411 1109 provincias
427 1023 616 1108 occupavit.
661 1020 703 1085 Id
719 1021 861 1106 opprimi
876 1017 1099 1084 sustentando
1116 1027 1182 1083 aut
1207 1041 1284 1103 pro

222 1123 360 1192 latendo
375 1127 471 1191 nullo
485 1134 584 1212 pacto
619 1133 748 1208 potest;
772 1144 987 1209 quacumque
1004 1124 1133 1188 ratione
1149 1123 1282 1208 placet,

170 1245 200 1292 ao
220 1228 373 1297 celeriter
389 1231 483 1297 vobis
500 1229 741 1296 vindicandum
757 1236 819 1294 est.

182 1341 201 1400 7
267 1353 318 1400 lv.
349 1335 459 1400 Video
472 1334 678 1400 duasadhuc
691 1333 1085 1409 essesententias,unam
1098 1330 1140 1394 D.
1156 1330 1281 1407 Silani,

223 1441 283 1526 qui
298 1447 413 1504 censet
427 1461 494 1516 eos,
511 1441 570 1526 qui
586 1439 667 1504 haec
690 1438 802 1504 delere
826 1438 938 1502 conati
960 1444 1052 1512 sunt,
1069 1444 1177 1501 morte
1202 1459 1280 1500 esse

223 1542 425 1619 multandos
455 1542 595 1607 alteram
627 1542 666 1606 C.
699 1542 860 1619 Caesarie,
889 1542 948 1626 qui
980 1541 1096 1604 mortis
1130 1535 1280 1625 poenam

223 1655 381 1722 removet,
418 1655 605 1712 ceterorum
641 1645 883 1733 suppliciorum
924 1647 1032 1710 omnis
1072 1645 1279 1710 acerbitates

75 1824 77 1826 v
184 1765 200 1811 s
221 1752 445 1836 amplectitur.
493 1752 646 1836 Uterque
662 1759 697 1816 et
709 1773 768 1836 pro
781 1773 842 1816 sua
854 1749 1020 1837 dignitate
1037 1757 1072 1814 et
1083 1772 1143 1835 pro
1159 1772 1278 1815 rerum

224 1856 455 1942 magnitudine
472 1857 506 1919 in
522 1877 654 1920 summa
673 1856 853 1921 severitate
870 1862 1033 1920 versatur.
1079 1855 1181 1919 Alter
1203 1875 1276 1930 eoa,

224 1961 284 2046 qui
299 1983 360 2026 nos
375 1962 482 2025 omnis
499 1962 571 2026 vita
585 1961 717 2046 privare
733 1961 845 2024 conati
860 1966 952 2036 sunt,
968 1960 1028 2044 qui
1044 1957 1154 2024 delere
1171 1959 1277 2042 impe·

224 2066 321 2141 rium,
337 2066 396 2149 qui
423 2064 540 2150 populi
569 2065 711 2129 Romani
735 2085 856 2128 nornen
879 2064 1089 2149 extinguere,
1104 2070 1274 2147 punctum

224 2169 381 2254 temporis
404 2169 473 2233 frui
489 2170 561 2234 vita
582 2176 618 2233 et
644 2169 706 2234 hoc
734 2169 901 2233 communi
929 2169 1049 2253 spiritu
1078 2187 1145 2230 non
1171 2174 1275 2251 putat

172 2285 201 2331 10
222 2282 374 2358 oportere
390 2283 492 2359 etque
510 2274 571 2338 hoc
581 2295 689 2360 genus
705 2295 831 2359 poenae
847 2293 946 2357 saepe
962 2273 997 2335 in
1013 2270 1171 2356 inprobos
1187 2272 1274 2336 civis
1361 2259 1363 2264 ¹

224 2375 258 2440 in
285 2377 347 2441 hac
373 2399 407 2442 re
434 2376 569 2462 publica
595 2398 667 2441 esse
693 2384 893 2462 usurpatum
923 2374 1126 2460 recordatur.
1171 2375 1276 2439 Alter

224 2480 394 2567 intellegit
409 2488 549 2543 mortem
565 2478 607 2543 ab
622 2480 673 2545 dis
689 2481 924 2545 inmortalibus
941 2503 1009 2546 non
1025 2502 1097 2546 esse
1113 2480 1273 2565 supplicii

224 2606 325 2649 eausa
351 2585 579 2659 constitutam,
605 2583 665 2648 sed
691 2593 753 2648 ant
779 2586 1012 2650 necessitatem
1041 2592 1181 2650 naturae
1212 2591 1275 2648 aut

224 2688 376 2754 laborum
391 2709 429 2753 ao
445 2689 653 2752 miseriarum
671 2691 820 2774 quietem
836 2711 917 2756 esse.
963 2690 1083 2775 ltaque
1100 2711 1172 2754 eam
1189 2689 1275 2774 sapi-

172 2811 201 2855 15
223 2801 317 2860 entes
348 2815 533 2878 numquam
563 2793 673 2870 inviti,
706 2793 809 2859 fortes
842 2775 940 2879 saepe
978 2795 1079 2859 etiam
1117 2793 1274 2860 lubenter

225 2899 472 2983 oppetiverunt.
518 2897 667 2963 Vincula
697 2921 787 2975 vero,
814 2905 849 2964 et
876 2921 914 2963 ea
941 2899 1153 2984 sempiterna,
1182 2905 1272 2964 certe

227 3001 270 3066 ad
291 3001 496 3088 singularem
525 3025 666 3087 poenam
692 3003 813 3068 nefarii
844 3003 979 3068 sceleris
1012 3003 1151 3068 inventa
1181 3010 1271 3068 sunt.
1375 3031 1377 3088 3

226 3105 420 3189 Municipiis
451 3105 618 3191 dispertiri
650 3106 753 3172 iubet.
800 3107 933 3173 Habere
961 3106 1095 3172 videtur
1124 3108 1191 3172 ista
1220 3129 1271 3173 res
1375 3147 1377 3164 ,

224 3208 448 3293 iniquitatem,
465 3212 493 3275 si
520 3212 681 3296 imperare
710 3212 803 3287 velis,
828 3211 1073 3288 difficultatem,
1090 3212 1118 3276 si
1145 3233 1270 3299 rogare.

182 3315 203 3379 8
226 3312 435 3377 Decernatur
458 3322 580 3392 tamen,
597 3316 626 3379 si
648 3315 768 3400 placet.
815 3314 888 3401 Ego
913 3316 1002 3380 enim
1025 3316 1206 3400 suscipiam
1228 3324 1270 3392 et,

172 3433 201 3477 21
224 3425 264 3481 ut
278 3437 385 3501 spero,
402 3420 573 3502 reperiam,
590 3420 649 3504 qui
672 3418 718 3495 id,
735 3419 827 3504 quod
850 3420 969 3484 salutis
997 3420 1147 3484 omnium
1174 3441 1272 3485 causa

225 3523 420 3599 statueritis,
443 3544 510 3587 non
537 3531 659 3609 putent
688 3544 759 3588 esse
791 3545 870 3588 suae
901 3524 1076 3611 dignitatis
1107 3545 1270 3590 recusare.

110 3628 115 3640 ‘
226 3624 397 3713 Adiungit
411 3648 548 3714 gravem
564 3649 704 3712 poenam
719 3627 920 3712 municipiis,
933 3629 962 3693 si
979 3629 1054 3713 quis
1071 3650 1185 3693 eorum
1203 3629 1272 3693 vin-

187 3733 191 3737 ’
227 3726 303 3789 cula
317 3730 464 3813 ruperit3
489 3728 661 3792 horribiles
684 3727 855 3792 custodias
879 3728 1067 3793 circumdet
1093 3735 1128 3792 et
1154 3727 1272 3814 dignas

173 3844 203 3890 25
225 3830 348 3898 scelere
375 3834 549 3897 hominum
575 3831 802 3914 perditorum3
840 3834 958 3908 sancit,
982 3855 1024 3896 ne
1052 3833 1128 3916 quis
1158 3853 1272 3896 eorum
