2800 4367
919 80 1082 131 cAr.
1137 82 1309 142 13-15,
1355 85 1384 146 ς
1430 85 1604 135 so-u.
2279 75 2405 139 303

100 268 191 311 :so
205 247 394 312 inest
410 252 892 334 quaedam
913 253 1212 340 dignitas
1232 256 1674 341 imperatoria,
1683 281 1820 335 vos,
1832 260 2156 339 Quirites,
2175 260 2297 325 hoc

94 372 184 432 giso
208 375 291 415 ex
326 355 523 419 loco
573 379 874 444 saepe
907 361 1339 445 cognovistis.
1441 362 1673 428 Fidem
1711 386 1864 428 vero
1912 366 2057 429 cius
2092 387 2299 450 quan·

83 476 166 517 iim
189 458 387 522 inter
428 463 763 528 socios
815 465 1193 528 existimari
1233 468 1505 551 putatis,
1543 490 1744 552 quam
1795 469 2018 532 hostes
2070 491 2297 534 omnes
2345 486 2406 532 ³0

75 562 334 625 :mnium
405 588 876 651 generum
930 569 1415 634 sanctissimam
1475 571 1880 636 iudicarint?
1977 573 2298 638 Humani·

69 682 164 727 aare
208 666 362 730 iam
435 678 750 737 tanta
804 680 931 749 est,
968 682 1046 737 ut
1093 672 1360 740 difficile
1408 675 1594 739 dictu
1649 677 1758 751 sit,
1796 688 2019 741 utrum
2075 678 2297 742 hostes

63 772 238 854 magis
276 776 762 843 virtutem
800 778 949 843 eius
984 790 1360 864 pugnantes
1413 780 1764 845 timuerint
1795 803 1876 845 an
1915 795 2297 847 mansuetu·

61 870 255 939 dinem
324 880 582 947 vieti
672 883 1086 947 dilexerint.
1182 884 1271 948 Et
1326 886 1682 969 quisquam
1742 885 2095 957 dubitabit,
2131 889 2296 971 quin

59 975 184 1041 huic
245 981 417 1049 hoe
502 995 859 1053 tantum
917 986 1166 1051 bellum
1231 988 1821 1052 transmittendum
1880 993 1988 1057 sit.
2047 993 2163 1075 qni
2215 990 2300 1054 ad
2346 1007 2403 1051 35

69 1084 273 1148 omnia.
320 1099 729 1157 nostrae
788 1091 1140 1156 memoriae
1176 1091 1350 1156 bella
1402 1091 1812 1156 conficienda
1863 1092 2093 1156 divino
2139 1116 2299 1178 quo·

65 1182 196 1249 ‹iam
234 1195 657 1260 consilio
693 1203 900 1259 natus
933 1216 1075 1259 esse
1113 1194 1468 1260 videatur?

148 1307 285 1356 XV.
364 1297 507 1362 Et,
558 1301 926 1386 quoniam
974 1301 1339 1365 auctoritas
1374 1322 1646 1384 quoque
1683 1303 1747 1364 in
1786 1300 1978 1364 bellis
2027 1301 2403 1367 ad1nini-43

78 1398 409 1466 strandis
495 1405 850 1469 multum
899 1411 1103 1489 atque
1143 1406 1210 1468 in
1247 1406 1522 1490 imperio
1572 1405 1843 1469 militari
1879 1407 2081 1477 valet,
2119 1416 2297 1470 certe

99 1503 368 1567 nemini
449 1507 800 1574 dubium
852 1516 975 1584 est,
1036 1510 1203 1594 quin
1261 1532 1338 1573 ea
1400 1533 1466 1573 re
1535 1508 1708 1572 idem
1769 1510 1879 1574 ille
1939 1511 2296 1594 imperator

98 1603 551 1683 plurimum
640 1613 875 1698 possit.
971 1613 1426 1679 Vehementer
1501 1624 1727 1677 autem
1805 1616 2136 1699 pertinere
2213 1616 2296 1679 ad

115 1706 292 1777 bena
330 1717 958 1794 administranda,
1008 1718 1173 1803 quid
1208 1719 1452 1793 hostes,
1489 1718 1655 1802 quid
1701 1720 1863 1782 socii
1898 1718 1978 1782 de
2030 1720 2303 1803 impera·
2374 1736 2404 1780 5

115 1817 405 1886 toribus
477 1823 753 1888 nostris
812 1823 1220 1898 existiment,
1278 1823 1430 1907 quis
1486 1823 1770 1908 ignorat,
1805 1844 1958 1886 cum
2013 1824 2298 1886 sciamus

133 1915 516 2018 homines,
552 1932 629 1993 in
662 1929 871 1993 tantis
925 1926 1121 1992 rebus
1155 1937 1233 1990 ut
1262 1935 1383 1990 aut
1432 1935 1867 1990 contemnant
1916 1936 2037 1991 aut
2092 1937 2300 1991 metu-

61 2113 62 2119 *
129 2035 249 2090 ant
284 2042 445 2098 aut
489 2034 766 2099 oderint
795 2041 913 2096 aut
964 2040 1211 2106 ament,
1248 2032 1558 2116 opinione
1594 2053 1724 2093 non
1762 2032 1982 2094 minus
2018 2041 2086 2097 et
2120 2032 2295 2095 fama

59 2126 61 2129 ⁵
147 2150 372 2211 quam
438 2140 683 2222 aliqua
736 2138 991 2202 ratione
1058 2145 1242 2200 certa
1292 2135 1741 2199 commoveri?
1835 2136 2034 2215 Quod
2086 2136 2297 2219 igitur

61 2308 64 2328 ’ἵ
147 2253 432 2305 nomen
473 2263 800 2326 umquam
834 2243 901 2305 in
936 2241 1090 2305 orbe
1129 2250 1452 2304 terrarum
1505 2240 1749 2304 clarius
1784 2240 1936 2315 fuit,
1971 2241 2162 2303 cuius
2198 2263 2300 2304 res
2350 2255 2404 2300 ιο

59 2340 61 2349 ’
158 2350 416 2421 gestae
457 2366 653 2431 pares
675 2346 705 2406 ?
751 2345 831 2409 de
867 2367 1001 2430 quo
1035 2345 1300 2409 homine
1330 2366 1470 2419 vos,
1500 2343 1567 2407 id
1601 2344 1784 2428 quod
1817 2347 2102 2408 maxime
2138 2344 2301 2409 facit

159 2452 692 2526 auctoritatem,
727 2457 917 2513 tanta
968 2458 1037 2514 et
1091 2458 1227 2513 tam
1287 2450 1626 2534 praeclara
1685 2449 1933 2513 iudicia
1987 2449 2290 2515 fecistis?

173 2547 292 2613 An
327 2577 505 2620 vero
538 2554 747 2618 ullam
779 2576 1067 2638 usquam
1100 2576 1242 2618 esse
1278 2575 1456 2617 oram
1489 2562 1626 2617 tam
1662 2553 1990 2619 desertam
2027 2558 2299 2640 putatiS,
2326 2558 2406 2618 44

173 2673 322 2736 quo
390 2681 530 2723 non
583 2660 767 2741 illius
825 2658 958 2723 diei
1019 2658 1195 2722 fama
1260 2660 1650 2743 pervaserit,
1717 2680 1868 2722 cum
1942 2661 2299 2723 universus

172 2765 494 2845 ,populus
544 2764 883 2828 Romanus
941 2763 1190 2828 referto
1245 2762 1389 2827 foro
1448 2759 1937 2847 completisque
1994 2750 2300 2826 omnibus
2349 2779 2406 2824 15

184 2867 489 2950 templis,
525 2889 609 2931 ex
645 2867 892 2952 quibus
927 2867 1034 2931 hic
1068 2867 1255 2931 locus
1293 2868 1592 2952 conspici
1642 2874 1884 2951 potest,
1923 2888 2134 2929 unum
2173 2864 2299 2929 sibi
2387 2942 2392 2947 ἡ

194 2968 282 3030 ad
336 2993 684 3036 commune
739 2971 1036 3035 omnium
1088 2973 1392 3057 gentium
1447 2972 1702 3037 bellum
1738 2969 1862 3032 Cn.
1897 2968 2298 3053 Pompeium

198 3071 671 3158 imperatorem
705 3074 1143 3160 depoposcit?
1237 3076 1498 3160 Itaque,
1537 3082 1616 3136 ut
1651 3073 1845 3157 plura
1896 3094 2030 3136 non
2082 3073 2299 3136 dicam

208 3195 423 3263 neque
456 3181 738 3243 aliorum
770 3181 1097 3264 exemplis
1123 3181 1526 3255 confirmem,
1563 3185 1893 3262 quantum
1924 3178 2295 3268 auctoritas

213 3283 427 3348 valeat
455 3284 525 3346 in
557 3283 750 3359 bello,
783 3283 867 3348 ab
914 3284 1149 3349 eodem
1201 3285 1323 3349 Cn.
1362 3282 1682 3367 Pompeio
1732 3281 2032 3345 omnium
2082 3304 2300 3346 rerum
2348 3297 2407 3342 20

225 3390 626 3475 egregiarum
678 3389 985 3473 exempla
1034 3383 1429 3464 sumantur3
1481 3388 1600 3472 qui
1660 3409 1794 3471 quo
1856 3385 1963 3450 die
2019 3409 2058 3450 a
2106 3388 2299 3452 vobis

232 3494 537 3557 maritimo
571 3492 746 3556 bello
779 3495 1199 3577 praepositus
1234 3501 1340 3558 est
1372 3495 1751 3577 imperator,
1789 3499 1979 3555 tanta
2024 3499 2300 3576 repente

247 3596 433 3666 vilitas
462 3618 763 3665 annonae
796 3619 881 3661 ex
913 3619 1175 3662 summa
1208 3598 1431 3683 inopia
1464 3591 1533 3661 et
1565 3598 1842 3661 caritate
1878 3597 1973 3660 rei
2007 3595 2299 3670 frumen-

476 4039 483 4046 .

634 4120 637 4121 γ
651 4120 659 4121 7
721 4120 726 4196 μ
738 4110 940 4125 fflfflss.
948 4115 1091 4126 jaan-*uem
1107 4120 1112 4125 ε
1279 4124 1323 4128 -
2302 4124 2346 4362 Ι
