2800 4367
210 335 272 402 296
337 347 387 401 nn
409 345 566 400 rnrnmc
584 345 641 402 cr.
661 345 802 402 nouem
819 346 872 402 un
889 346 1064 414 Qnrmrns
1082 348 1237 404 enarro.

208 539 237 584 sc
260 545 363 610 regno
393 530 528 608 ceperat
555 530 591 587 et
619 524 755 608 proeliis
787 545 868 588 usus
900 532 971 588 erat
1001 525 1168 601 secundis,
1194 534 1336 590 tamen

216 696 218 699 ,
261 629 363 692 nimia
380 628 628 714 longinquitate
652 629 801 693 locorum
819 650 856 692 ac
872 628 1035 694 desiderio
1060 652 1196 694 sucrum
1226 653 1337 695 com-

207 736 248 798 24
259 732 464 797 movebatur.
511 731 577 796 Hic
594 733 660 795 iam
675 733 773 817 plura
789 755 856 798 non
872 733 1000 809 dica1u3
1024 734 1092 798 fuit
1108 736 1196 799 eninr
1224 736 1333 798 illud

258 845 456 912 extremuni,
484 844 524 900 ut
550 858 592 900 ex
617 837 657 900 iis
673 837 755 900 locis
782 859 802 901 a
829 837 990 903 militibus
1021 841 1144 902 nostris
1175 839 1329 903 reditus

260 942 365 1026 magis
396 946 547 1004 maturus
578 962 679 1025 quam
712 941 879 1025 processio
908 941 1039 1027 longior
1077 951 1327 1026 quaereretur.

206 1060 235 1104 35
259 1044 474 1108 Mithridates
505 1052 619 1110 autem
645 1053 680 1108 et
704 1065 800 1108 suam
831 1065 967 1108 manum
996 1045 1062 1108 iam
1093 1045 1327 1110 confirmarat

259 1159 293 1213 et
315 1170 441 1225 eorum,
458 1150 518 1234 qui
540 1171 575 1214 se
600 1171 643 1213 ex
666 1150 771 1234 ipsius
798 1171 902 1235 regno
926 1150 1141 1235 collegerant,
1158 1158 1193 1215 et
1219 1174 1326 1238 mag-

260 1255 312 1318 uis
336 1252 535 1319 adventiciis
560 1254 695 1318 auxiliis
723 1255 906 1318 multorum
930 1277 1045 1340 regum
1071 1256 1321 1319 etnationunr

258 1359 445 1423 iuvalatur.
492 1358 578 1422 Nam
606 1358 668 1422 hoc
695 1357 765 1422 iere
789 1359 837 1422 sic
865 1359 935 1422 fieri
966 1351 1071 1423 solere
1103 1361 1320 1444 accepimus,

258 1471 297 1526 ut
312 1485 429 1549 regum
456 1461 610 1528 adflictae
635 1461 789 1527 fortunae
815 1462 912 1528 facile
938 1464 1130 1537 multorum,
1147 1485 1229 1550 opes
1257 1465 1319 1528 ad-

204 1568 372 1631 eliciant
397 1567 440 1631 ad
466 1566 735 1643 misericordiam,
764 1568 975 1651 maximeque
1006 1590 1131 1645 eorum,
1156 1569 1218 1652 qui
1250 1579 1319 1632 aut

257 1694 350 1758 reges
377 1682 459 1736 sunt
484 1679 546 1736 aut
570 1671 694 1736 vivunt
720 1672 755 1734 in
779 1693 893 1758 regno,
911 1680 951 1737 ut
974 1673 1015 1736 iis
1042 1695 1163 1738 nomen
1188 1675 1314 1760 regale

202 1781 241 1844 25
255 1800 411 1864 magnum
443 1785 478 1842 et
506 1785 659 1842 sanctum
691 1798 764 1843 esse
795 1777 960 1842 videatur.
1016 1779 1135 1862 ltaque
1166 1785 1311 1842 tanturn

256 1885 366 1948 victus
397 1883 526 1950 efficere
557 1885 679 1969 potuit,
711 1892 876 1969 quantum
906 1885 1083 1950 incolumis
1115 1905 1312 1968 numquam

255 1996 307 2052 est
321 2010 423 2053 ausus
450 1997 576 2074 optare.
621 1989 718 2065 Nam,
735 2010 812 2054 eum
836 2011 871 2053 se
899 1991 933 2052 in
961 2013 1102 2077 regnum
1129 2012 1230 2054 suum
1260 2012 1310 2053 re-

201 2109 230 2154 45
252 2094 403 2176 cepisset,
421 2115 487 2157 nou
513 2092 580 2157 fuit
606 2115 645 2158 eo
669 2100 859 2170 contentus,
886 2094 978 2178 quod
994 2097 1024 2159 ci
1052 2102 1182 2180 practer
1207 2117 1308 2179 spem

253 2196 427 2272 acciderat,
460 2205 499 2260 ut
528 2196 629 2273 illam,
660 2205 878 2282 posteaquam
909 2200 1026 2283 pulsus
1058 2207 1137 2274 erat,
1176 2206 1304 2264 terrani

254 2321 414 2384 umquam
440 2302 630 2387 attingeret,
647 2300 707 2364 sed
730 2302 764 2364 in
781 2303 964 2366 exercitum
991 2312 1141 2369 nostrum
1170 2305 1304 2367 clarum

252 2409 354 2487 atque
372 2404 535 2467 victorem
557 2404 721 2487 impetum
745 2402 835 2468 fecit.
883 2404 990 2471 Sinite
1018 2407 1079 2470 hoc
1108 2408 1191 2482 loco,
1218 2406 1304 2484 Qui-

253 2508 343 2582 rites,
365 2508 455 2571 sicut
484 2511 602 2591 potitae
629 2506 750 2582 solent,
778 2507 837 2590 qui
865 2529 916 2572 res
943 2510 1108 2574 Romanas
1135 2510 1300 2583 scribunt,

198 2626 228 2671 no
250 2612 430 2695 praeterire
462 2632 513 2674 me
545 2617 692 2674 nostram
722 2610 956 2688 calamitatem,
984 2635 1069 2697 quae
1098 2621 1193 2677 tanta
1218 2613 1297 2687 fuit,

252 2725 291 2779 ut
306 2738 378 2779 eam
406 2713 447 2778 ad
477 2735 573 2778 aures
600 2715 808 2798 imperatoris
838 2737 904 2779 non
931 2739 971 2781 ex
990 2711 1115 2802 proelio
1143 2719 1297 2802 nuntius,

199 2822 239 2884 26
250 2819 308 2883 scd
325 2841 368 2884 ex
385 2840 535 2882 sermone
560 2839 674 2881 rumor
697 2817 853 2884 adferret.
902 2820 969 2885 Hic
986 2822 1020 2884 in
1037 2823 1095 2886 illo
1112 2823 1184 2906 ipsc
1209 2823 1296 2884 malo

250 2924 514 3010 gravissimaque
538 2921 618 2987 belli
641 2920 826 2988 offensione
851 2924 887 2986 L.
906 2924 1079 3001 Lucullus
1098 2927 1157 3010 qui
1182 2934 1295 2990 tamen

249 3029 362 3112 aliqua
385 3049 427 3092 ex
452 3034 544 3111 parte
569 3027 610 3091 iis
637 3027 855 3092 incommodis
881 3029 1005 3094 mederi
1032 3029 1171 3094 fortasse
1199 3038 1295 3115 potu-

195 3147 225 3190 5⁵
247 3131 338 3205 isset,
364 3137 477 3193 vestro
510 3131 605 3194 iussu
629 3138 775 3208 coaetus,
803 3131 894 3216 quod
921 3133 1048 3216 imperii
1077 3133 1291 3198 diuturnitati
1364 3121 1365 3124 ¹

250 3232 383 3296 modurn
409 3234 626 3298 statuendum
642 3242 754 3300 vetere
780 3236 932 3320 exemplo
956 3238 1147 3320 putavistis
1165 3245 1291 3322 partem

250 3338 405 3414 rnilitum,
438 3339 497 3422 qui
528 3339 593 3402 iam
624 3338 801 3423 stipendiis
834 3339 979 3404 confecti
1011 3351 1115 3418 eraut,
1154 3342 1287 3414 dimisit,

247 3450 375 3527 partem
403 3441 462 3506 Μ’.
488 3441 661 3507 Glabrioni
686 3442 835 3506 tradidit.
882 3443 994 3508 Multa
1021 3455 1190 3530 praetereo
1217 3466 1289 3510 con-

247 3548 336 3611 sultc
347 3571 355 3622 3
380 3547 439 3611 sed
455 3568 495 3611 ea
510 3569 570 3611 vos
593 3548 786 3612 coniectura
810 3549 998 3633 perspicite,
1015 3559 1179 3634 quantum
1204 3547 1286 3613 illud

193 3667 223 3710 cc
245 3651 371 3715 bellum
398 3649 526 3715 factum
550 3651 687 3734 putetis,
706 3651 798 3736 quod
822 3653 1030 3740 coniungant
1057 3677 1151 3742 reges
1176 3663 1286 3740 poten·

246 3755 375 3830 tissimi,
392 3762 554 3819 renovent
576 3756 720 3842 agitatae
743 3758 906 3833 nationes
932 3759 1117 3844 suscipiant
1139 3761 1282 3844 integrae
1364 3811 1365 3814 ,

245 3867 372 3944 gentes
391 3880 498 3923 novus
515 3860 696 3944 imperator
712 3868 827 3924 noster
842 3863 985 3947 accipiat
1002 3872 1112 3928 vetere
1137 3863 1281 3928 exercitu

246 3965 353 4046 pulso.
