2800 4367
477 382 557 434 cnr.
581 386 637 447 aa,
662 386 677 447 ς
700 385 787 437 rr-ao.
948 455 951 460 ¹
1163 370 1203 438 23

105 561 233 640 perant,
245 555 438 640 perturbata
450 578 484 619 se
498 556 659 641 consequi
669 578 765 640 posse
776 556 990 621 arbitrantur.
1024 558 1156 636 Quibus

106 657 453 744 hocpraecipiendum
471 658 615 735 videtur,
633 682 739 723 unum
755 661 886 725 scilicet
901 669 936 725 et
957 661 1045 725 idern
1061 661 1153 747 quod
1189 679 1205 723 5
1242 686 1244 690 ·

105 763 243 847 reliquis
272 761 436 838 omnibus
467 768 507 827 ut
534 762 714 847 desperent
736 786 770 828 se
799 763 843 841 id,
864 765 955 850 quod
978 772 1151 843 conantur,

106 867 265 951 consequi
291 888 408 951 posse3
441 868 584 952 primum
612 868 762 931 omnium
788 891 840 933 me
866 870 976 953 ipsum
1002 870 1153 955 vigilare,

106 970 231 1047 adesse,
248 970 423 1056 providere
445 972 493 1035 rei
514 971 689 1055 publicae;
713 970 834 1036 deinde
861 995 999 1059 magnos
1026 975 1153 1038 animos

107 1096 176 1139 esse
202 1076 236 1137 in
262 1075 357 1167 bonis
375 1076 465 1151 viris,
484 1096 637 1161 magnam
663 1076 885 1153 concordiam,
912 1099 1048 1163 magnas
1065 1099 1155 1162 prae·

106 1188 199 1245 terea
228 1180 374 1243 militum
406 1180 536 1264 copias;
572 1179 652 1245 deos
685 1179 830 1265 denique
862 1181 1048 1245 inmortalis
1075 1181 1153 1246 huic
1178 1198 1207 1243 10

107 1285 234 1349 invicto
261 1284 396 1368 populu
423 1284 605 1348 clarissimo
634 1286 783 1369 imperio,
811 1285 1053 1369 pulcherrimae
1081 1285 1154 1349 urbi

107 1394 224 1452 contra
250 1394 387 1451 tantam'
406 1390 474 1453 vim
505 1387 640 1452 sceleris
671 1390 856 1473 praesentis
886 1390 1052 1453 auxilium
1083 1411 1155 1454 esse

107 1493 244 1555 laturos.
292 1491 421 1571 Quodsi
440 1493 506 1555 iam
521 1492 592 1557 sint
606 1492 651 1569 id,
669 1492 761 1577 quod
777 1514 909 1557 summo
931 1492 1044 1558 furore
1065 1494 1156 1578 cupi·

108 1604 180 1671 unt,
209 1596 332 1681 adepti,
360 1618 441 1659 num
467 1596 517 1686 illi
549 1598 584 1659 in
608 1597 718 1661 cinere
744 1595 836 1662 urbis
867 1605 903 1661 et
932 1598 1155 1683 insanguine

108 1701 243 1777 civium,
269 1722 354 1785 quae
383 1708 497 1765 mente
523 1702 749 1765 conscelerata
775 1724 812 1766 ac
844 1700 972 1765 nefaria
1002 1703 1208 1786 concupi-15

108 1812 240 1881 verunt,
268 1805 422 1869 consules
458 1827 494 1869 se
530 1813 590 1869 aut
627 1804 807 1869 dictatores
838 1812 899 1869 aut
928 1806 1029 1869 etiam
1060 1828 1156 1891 reges

108 1915 245 1993 sperant
270 1907 431 1974 futuros?
477 1908 553 1972 Non
582 1908 700 1973 vident
726 1908 762 1972 id
788 1930 824 1974 se
851 1930 983 1994 cupere,
1012 1907 1156 1994 quodsi

109 2012 223 2099 adepti
249 2013 327 2090 sint,
353 2012 502 2100 fugitivo
529 2012 630 2078 alicui
657 2020 718 2076 ant
744 2012 922 2100 gladiatori
946 2014 1084 2078 concedi
1111 2014 1156 2078 sit

110 2120 267 2185 necesse?
313 2120 467 2184 Tertium
483 2142 590 2205 genus
608 2127 660 2184 est
674 2128 783 2185 aetate
809 2121 874 2184 iam
899 2120 1081 2196 adfectum,
1098 2120 1155 2185 sed
1167 2124 1209 2187 20

109 2232 222 2287 tamen
234 2224 474 2289 exercitatione
491 2223 687 2299 robustum3
713 2246 781 2309 quo
805 2246 845 2288 ex
871 2246 992 2311 genere
1017 2226 1080 2291 iste
1105 2222 1158 2289 est
1179 2240 1209 2285 ao

110 2327 268 2404 Manlius,
286 2328 341 2392 cui
359 2349 448 2391 nunc
466 2327 613 2392 Catilina
628 2327 788 2392 succedit.
836 2328 882 2391 Hi
899 2337 980 2393 sunt
1003 2329 1154 2393 homines

110 2454 151 2495 ex
168 2432 208 2495 iis
224 2431 372 2507 coloniis,
390 2453 474 2516 quas
490 2430 585 2496 Sulla
608 2433 808 2508 constituit3
833 2454 917 2517 quas
941 2455 1003 2519 ego
1028 2434 1158 2497 univer-

108 2558 161 2600 sas
189 2534 313 2601 civium
341 2529 412 2601 esse
442 2536 645 2621 optimorum
669 2545 704 2601 et
727 2535 984 2601 fortissimorum
1010 2538 1157 2602 virorum

109 2640 228 2716 sentio
244 2639 305 2704 sed
325 2648 436 2705 tamen
453 2641 477 2703 ii
493 2649 574 2704 sunt
590 2641 710 2716 coloni,
729 2641 788 2725 qui
808 2663 843 2705 se
867 2642 901 2703 in
926 2642 1103 2726 insperatis
1118 2664 1156 2705 ac

110 2745 293 2828 repentinis
321 2745 471 2828 pecuniis
500 2746 732 2829 sumptuosius
762 2745 1028 2830 insolentiusque
1062 2747 1158 2809 iacta-
1180 2760 1210 2805 25

109 2857 199 2911 runt.
247 2847 293 2911 Hi
309 2847 390 2912 dum
406 2848 584 2913 aedificant
601 2856 772 2934 tamquam
795 2849 892 2924 beati,
911 2848 991 2912 dum
1016 2849 1159 2934 praediis

9 3000 13 3005 .
109 2952 216 3028 lectis,
233 2952 369 3017 familiis
398 2954 536 3039 magnis,
554 2954 720 3017 conviviis
744 2954 911 3037 apparatis
938 2952 1157 3029 delectantur,

110 3058 145 3119 in
157 3064 291 3121 tantum
304 3080 359 3123 aes
372 3058 519 3122 alienum
535 3058 738 3134 inciderunt,
752 3066 801 3133 ut,
814 3059 842 3122 si
855 3059 940 3123 salvi
954 3080 1025 3122 esse
1039 3049 1157 3134 velint,

110 3159 206 3224 Sulla
220 3163 265 3225 sit
277 3162 317 3225 iis
330 3161 371 3225 ab
383 3161 498 3226 inferis
513 3161 727 3236 excitandus3
754 3163 813 3245 qui
829 3163 931 3226 etiarn
954 3183 1021 3226 non
1046 3161 1157 3225 nullos

18 3283 21 3286 ·
109 3266 251 3357 agrestis
268 3265 418 3330 homines
435 3273 554 3330 tennes
571 3275 672 3351 atque
689 3273 828 3352 egentes
845 3267 880 3328 in
904 3266 1043 3330 eandem
1066 3266 1158 3329 illam
1181 3281 1211 3326 so

109 3392 201 3453 spem
219 3370 409 3454 rapinarum
425 3378 578 3434 veterum
595 3371 812 3454 impulerunt.
862 3369 955 3449 Quos
972 3392 1035 3456 ego
1053 3377 1161 3434 utros·

111 3496 176 3559 que
193 3475 228 3536 in
245 3474 360 3539 eodem
377 3497 500 3560 genere
516 3474 752 3559 praedatorum
769 3474 1043 3560 direptorumque
1059 3496 1158 3560 pono,

110 3578 169 3642 sed
197 3600 252 3643 eos
275 3579 337 3643 hoc
362 3566 488 3655 moneo,
515 3579 670 3643 desinant
693 3578 805 3644 furere
837 3601 875 3644 ac
901 3580 1159 3665 proscriptiones

20 3680 24 3688 '
110 3690 145 3746 et
160 3682 343 3746 dictaturas
361 3685 517 3769 cogitare.
565 3682 696 3745 Tantus
713 3684 803 3746 enim
819 3684 954 3747 illorum
970 3690 1158 3768 temporum

111 3785 205 3849 dolor
220 3786 353 3849 inustus
366 3795 418 3850 est
429 3788 570 3862 civitati,
584 3797 624 3851 ut
637 3789 703 3850 iam
715 3788 781 3851 ista
797 3809 864 3850 non
881 3788 978 3850 inodo
995 3788 1156 3863 homines,
1180 3799 1209 3843 35

111 3889 169 3953 sed
189 3912 230 3953 ne
254 3890 399 3975 pecudes
424 3890 561 3975 quidem
584 3891 666 3953 milri
693 3913 850 3975 passurae
875 3914 945 3954 esse
968 3890 1158 3955 videantur.
