2800 4367
168 327 210 397 24
405 338 546 395 onemo
572 340 613 395 ru
636 339 851 395 curruum
872 340 1057 397 secusne.

167 520 204 583 21
221 533 257 579 x.
290 514 457 595 Quartum
489 539 596 603 genus
630 526 682 583 est
715 538 794 582 sane
830 516 960 583 varium
993 524 1029 582 et
1058 517 1204 581 mixtum
1234 523 1274 581 et

151 677 153 683 .
218 618 473 694 turbulentum
505 622 565 705 qui
595 622 662 685 iam
692 621 822 707 pridem
853 628 1062 707 premuntur,
1086 621 1152 706 qui
1176 642 1273 684 num-

220 745 321 809 quam
337 731 523 811 emergunt,
537 726 596 811 qui
612 725 734 810 partim
747 724 876 802 inertia,
888 725 1010 811 partim
1023 723 1109 788 male
1120 723 1273 811 gerendo

220 828 366 913 negoti0,
385 828 505 913 partim
531 828 632 893 etiam
657 828 848 915 sumptibus
873 831 908 893 iu
920 838 1034 895 vetere
1059 850 1134 894 aere
1158 828 1273 895 alieno

183 947 199 993 s
221 931 389 1007 vacillant,
401 932 459 1016 qui
473 931 682 1010 vadimoniis,
695 932 839 1010 iudiciis,
853 934 1093 1020 proscriptione
1105 932 1273 997 bonorum

220 1032 398 1121 defetigati
424 1037 583 1121 permulti
610 1045 713 1102 etex
740 1037 822 1103 urbe
850 1046 948 1103 etex
974 1039 1063 1125 agris
1090 1060 1125 1103 se
1147 1038 1184 1102 iu
1210 1038 1273 1101 illa

221 1145 328 1203 castra
353 1138 503 1204 conferre
529 1139 699 1205 dicuntur.
747 1141 858 1206 Hosce
883 1134 948 1228 ego
971 1163 1038 1205 non
1059 1138 1129 1205 tam
1145 1142 1272 1207 milites

221 1228 316 1307 acris
333 1265 435 1328 quam
463 1244 660 1309 infitiatores
687 1246 798 1311 lentos
826 1268 897 1311 esse
925 1246 1076 1311 arbitror.
1123 1245 1193 1325 Qui
1214 1245 1275 1310 ho

223 1348 328 1411 mines
353 1348 636 1431 quamprimum,
660 1348 689 1412 si
713 1356 801 1413 stare
830 1371 897 1413 non
924 1358 1076 1434 possunt,
1101 1358 1271 1425 corruant,

172 1464 201 1510 ιο
221 1450 281 1516 sed
307 1450 363 1526 ita,
392 1460 432 1514 ut
458 1472 525 1514 non
555 1449 654 1515 modo
682 1453 811 1529 civitas,
839 1452 899 1518 sed
931 1475 972 1518 ne
1000 1454 1104 1518 vicini
1133 1453 1270 1538 quidem
1338 1524 1351 1534 ς

223 1556 367 1639 proximi
389 1555 546 1619 sentiant.
593 1554 679 1619 Nam
706 1556 793 1620 illud
817 1578 885 1621 non
911 1557 1083 1643 intellege,
1104 1579 1205 1643 quam
1229 1558 1273 1621 ob

223 1679 302 1733 rem,
329 1657 358 1721 si
388 1658 501 1723 vivere
533 1658 672 1724 honeste
700 1682 768 1724 non
804 1668 955 1745 possunt,
985 1662 1092 1746 perire
1128 1662 1274 1746 turpiter

224 1761 339 1837 velint,
356 1769 492 1826 auteur
508 1762 633 1827 minore
650 1762 763 1829 dolore
790 1766 957 1850 perituros
979 1787 1015 1830 se
1042 1787 1120 1830 cum
1144 1766 1271 1841 multis,

173 1869 213 1933 22
228 1888 329 1953 quam
345 1868 373 1930 si
389 1866 452 1930 soli
467 1875 614 1953 pereant,
635 1868 848 1933 arbitrentur.
900 1868 1067 1948 Quintum
1089 1892 1198 1957 genus
1220 1878 1275 1935 est

174 1973 202 2019 ¹⁵
224 1970 472 2057 parricidarum,
500 1972 706 2049 sicariorum,
742 1973 888 2059 denique
926 1976 1074 2037 omnium
1113 1959 1273 2039 facinero-

224 2096 346 2141 sorum.
394 2072 487 2152 Quos
513 2097 618 2161 egoa
649 2075 797 2139 Catilina
814 2099 881 2141 non
898 2099 1017 2141 revoco
1030 2102 1038 2153 3
1062 2100 1138 2141 narn
1163 2100 1273 2163 neque

225 2178 267 2245 ab
296 2201 335 2244 eo
366 2178 482 2243 divelli
515 2188 658 2264 possunt
688 2188 724 2243 et
758 2188 895 2265 pereant
920 2203 1000 2246 sane
1027 2183 1061 2244 iu
1090 2183 1273 2258 latrocinio,

224 2285 383 2370 quoniam
414 2291 496 2347 sunt
527 2284 575 2347 ita
609 2285 719 2360 multi,
754 2294 794 2348 ut
823 2308 879 2349 eos
910 2307 1021 2351 carcer
1051 2308 1169 2370 capere
1206 2308 1275 2351 non

226 2388 341 2474 possit.
381 2386 593 2453 Postremum
613 2395 726 2452 autem
742 2410 849 2474 genus
861 2397 990 2454 estnon
1002 2391 1111 2454 solum
1125 2413 1275 2468 numero,

174 2508 205 2555 ao
225 2514 343 2559 verum
370 2492 471 2556 ctiam
497 2514 618 2579 genere
657 2493 730 2578 ipso
754 2500 855 2578 atque
883 2495 962 2569 vita,
989 2494 1080 2580 quod
1104 2496 1277 2580 proprium

228 2598 393 2664 Catilinae
419 2606 481 2675 est,
498 2597 540 2663 de
566 2598 638 2663 eius
666 2596 803 2673 dilectu,
820 2599 922 2662 immo
938 2620 1017 2663 vero
1038 2598 1079 2663 de
1096 2600 1275 2684 complexu

227 2704 299 2768 eius
326 2724 363 2768 ac
390 2704 486 2779 sinu3
516 2724 601 2789 quos
628 2723 715 2787 pexo
740 2703 861 2787 capillo
889 2701 1013 2767 nitidos
1039 2711 1099 2767 aut
1128 2702 1275 2768 inberbis

227 2815 286 2873 aut
300 2808 383 2873 bene
400 2808 553 2873 barbatos
571 2806 705 2882 videtis,
723 2806 896 2871 manicatis
912 2814 949 2871 ct
963 2806 1123 2870 talaribus
1139 2809 1275 2883 tunicis,

227 2914 311 2978 velis
328 2914 476 2989 amictae,
496 2935 563 2977 non
579 2913 687 3000 togis3
712 2934 855 2997 quorum
872 2913 980 2976 omnis
1003 2912 1170 2977 industria
1186 2914 1276 2977 vitae

177 3021 216 3083 23
232 3027 267 3082 et
282 3017 445 3104 vigilandi
462 3017 556 3081 labor
572 3019 604 3081 in
623 3018 832 3081 antelucanis
856 3019 951 3098 cenis,
970 3018 1190 3101 expromitur.
1235 3016 1277 3078 In

177 3134 206 3182 26
228 3122 279 3185 his
306 3121 463 3208 gregibus
493 3144 607 3186 omnes
636 3122 809 3197 aleatores
837 3143 951 3185 omnes
979 3119 1133 3195 adulteri,
1160 3141 1275 3183 omnes

228 3226 339 3311 inpuri
356 3226 572 3312 inpudicique
593 3232 780 3291 versantur.
827 3224 875 3287 Hi
900 3224 995 3309 pueri
1015 3231 1085 3286 tam
1109 3222 1213 3308 lepidi
1238 3243 1276 3286 ac

229 3328 362 3394 delicati
394 3325 460 3394 non
491 3332 600 3395 solum
633 3350 742 3393 amare
771 3328 934 3391 etvamari
959 3347 1068 3410 neque
1096 3328 1218 3389 saltare
1241 3336 1276 3388 et
1336 3330 1339 3335 ’
1391 3339 1392 3350 ’

229 3440 371 3510 cantare,
399 3434 458 3499 sed
489 3436 590 3498 etiam
621 3433 706 3495 sicas
738 3430 867 3495 vibrare
899 3438 934 3493 ct
963 3449 1119 3513 spargere
1147 3447 1276 3491 venena

179 3550 208 3596 ac
229 3536 428 3603 didicerunt.
490 3537 557 3615 Qui
589 3536 652 3598 nisi
686 3541 823 3608 exeunt,
855 3533 920 3595 nisi
960 3537 1113 3617 pereunt,
1147 3528 1276 3594 etiamsi
1346 3519 1348 3522 ¹

230 3640 376 3705 Catilina
398 3642 543 3725 perierit,
561 3640 680 3703 scitote
707 3638 769 3701 hoc
796 3638 830 3700 in
850 3637 1036 3722 republica
1059 3634 1277 3701 seminarium

231 3745 452 3809 Catilinarum
484 3743 646 3807 futurum.
706 3743 834 3807 Verum
869 3749 981 3808 tamen
1014 3740 1097 3827 quid
1127 3739 1190 3805 sibi
1221 3739 1276 3803 isti
1302 3792 1305 3796 .

229 3850 342 3913 miseri
367 3848 512 3915 volunt?
540 3869 622 3911 uum
645 3870 724 3911 suas
750 3862 865 3911 secum
894 3847 1110 3912 mulierculas
1137 3843 1277 3910 suntin
