2800 4367
506 356 586 407 cnr.
614 357 699 414 ren,
724 359 738 418 s
759 358 848 409 east.
1202 347 1244 412 45

145 528 316 591 Romanus
335 526 378 591 ad
400 526 462 591 On.
480 527 678 613 Pompeium
700 527 888 594 detulisset
935 529 1041 594 Cuius
1063 552 1106 595 ex
1128 553 1195 595 om-

144 631 243 695 nibus
266 632 399 717 pugnis,
423 641 614 716 quaesunt
639 633 911 709 innumerabiles,
935 634 989 697 vel
1015 636 1193 700 accerrima
1217 655 1246 700 10

144 736 227 799 mibi
258 736 393 801 videtur
423 737 491 813 illa,
524 758 608 822 quae
640 759 717 802 cum
748 760 828 823 rege
867 740 1041 802 commissa
1077 747 1130 804 est
1159 749 1195 805 et

143 861 275 904 summa
299 841 513 905 contentione
538 850 697 927 pugnata.
745 842 822 920 Qua
843 865 885 907 ex
912 864 1027 929 pugna
1051 866 1126 907 curn
1157 868 1192 910 se

143 945 202 1009 ille
228 946 406 1029 eripuisset
431 952 466 1009 et
489 946 702 1030 Bosphorum
729 945 947 1033 confugisset,
971 970 1040 1032 quo
1070 951 1194 1013 exerci·
1293 979 1300 993 ·

143 1057 200 1113 tus
216 1048 305 1113 adire
323 1071 391 1113 non
406 1057 529 1135 posset,
547 1052 648 1115 etiam
664 1052 700 1115 in
719 1057 872 1117 extrema
894 1050 1031 1115 fortuna
1053 1060 1088 1117 et
1110 1053 1192 1138 iuga

56 1190 70 1195 ..
142 1175 266 1227 nornen
286 1162 398 1219 tamen
421 1156 563 1221 retinuit
584 1156 725 1241 regium.
771 1155 892 1240 Itaque
915 1157 986 1240 ipse
1010 1156 1191 1241 Pompeius
1216 1174 1244 1219 rs

142 1279 248 1343 regno
268 1279 420 1342 possesso
436 1281 479 1323 ex
502 1259 656 1323 omnibus
674 1260 740 1324 oris
764 1280 803 1323 ac
827 1260 915 1323 notis
938 1260 1073 1324 sedibus
1096 1261 1191 1326 hoste

141 1362 242 1445 pulso
269 1370 380 1427 tamen
403 1370 536 1427 tautum
563 1363 599 1427 in
626 1364 727 1427 unius
752 1364 863 1427 anima
889 1363 1013 1448 posuit,
1041 1371 1090 1439 ut,
1118 1350 1196 1428 cum

141 1467 264 1542 omnia,
296 1488 381 1551 quae
413 1467 469 1532 ille
498 1476 664 1544 tenuerat,
696 1467 833 1544 adierat,
864 1475 1023 1552 sperarat,
1053 1470 1192 1533 victoris

140 1570 338 1655 possideret,
366 1578 479 1637 tamen
505 1593 572 1635 non
597 1578 685 1648 ante,
711 1593 813 1656 quam
837 1572 932 1635 illum
956 1571 1027 1636 vita
1049 1573 1191 1656 expulit,

141 1674 266 1739 bellum
291 1673 485 1741 coniectum
506 1674 672 1741 iudicarit.
720 1676 823 1741 Hune
854 1682 893 1739 tu
923 1676 1063 1751 hostem,
1094 1676 1189 1753 Cato,
1213 1693 1244 1737 eo

140 1780 338 1855 contemnis,
371 1801 516 1863 quocum
555 1801 614 1864 per
651 1786 705 1843 tot
734 1800 838 1843 annos
877 1786 930 1844 tot
966 1779 1101 1863 proeliis
1139 1788 1192 1846 tot

140 1884 356 1967 imperatores
374 1883 463 1947 bella
478 1891 670 1969 gesserunt,-
685 1884 781 1948 euius
799 1883 932 1968 expubi
949 1890 985 1947 et
999 1884 1098 1948 eiecti
1121 1886 1192 1949 vita

140 1986 228 2049 tanti
255 1988 429 2051 aestimata
459 1994 519 2063 est,
546 1995 586 2050 ut
616 1994 723 2051 morte
754 1987 827 2052 eius
857 1989 1013 2051 nuntiata
1044 1988 1190 2074 denique

140 2089 268 2153 bellum
285 2089 476 2155 coniectum
494 2090 736 2155 arbitraretur?
782 2091 856 2155 Hoc
872 2092 978 2177 igitur
993 2092 1028 2154 in
1044 2092 1130 2157 bello
1151 2093 1188 2156 L.

140 2194 320 2259 Murenam
354 2195 505 2281 legatum
547 2194 722 2259 fortissimi
752 2195 865 2271 animi,
890 2197 1012 2259 summi
1045 2198 1187 2273 consilii,
1211 2213 1240 2258 25

140 2300 279 2363 maximi
294 2299 415 2364 laboris
431 2300 604 2386 cognitum
628 2321 700 2365 esse
725 2299 949 2375 defendimus,
967 2300 1002 2364 et
1016 2301 1101 2366 bauo
1117 2302 1189 2365 eius

140 2426 274 2488 operam
291 2425 358 2468 non
374 2403 485 2468 minus
510 2403 553 2467 ad
576 2405 787 2469 consulatum
812 2404 1064 2489 adipiscendum
1088 2427 1189 2489 quam

139 2509 226 2575 banc
242 2518 390 2575 nostram
406 2509 574 2574 forensem
591 2507 790 2573 industriam
807 2503 982 2594 dignitatis
1002 2508 1167 2573 babuisse.

184 2632 276 2680 xvss.
300 2616 351 2680 At
366 2616 455 2679 enim
470 2615 506 2677 in
532 2621 707 2699 praeturae
731 2614 893 2697 petitione
916 2614 1007 2697 prior
1025 2615 1192 2678 renuntia·
1201 2618 1240 2680 35

140 2727 195 2784 tus
218 2728 271 2785 est
295 2718 442 2785 Servius.
489 2718 678 2805 Pergitisne
703 2740 761 2782 vos
787 2726 959 2801 tamquam
986 2740 1027 2781 ex
1055 2740 1192 2803 syngra-

139 2825 206 2910 pha
228 2818 326 2911 agere'
348 2845 424 2887 cum
447 2824 581 2908 populo,
601 2830 650 2899 ut,
672 2844 771 2907 quem
795 2821 908 2886 locum
929 2823 1032 2886 semel
1054 2822 1189 2886 honoris

140 2930 286 3012 cuipiam
317 2928 456 3003 dederit,
489 2927 632 2997 eundem
664 2926 801 3010 reliquis
837 2925 1018 2990 honoribus
1043 2925 1188 2990 debeat?

123 3026 242 3111 'Quod
258 3034 345 3097 enirn
369 3033 504 3107 fretum,
528 3054 630 3115 quem
658 3031 822 3115 Euripum
848 3036 900 3094 tot
921 3038 1041 3106 motus,
1066 3038 1187 3106 tantas,
1226 3048 1240 3091 s

141 3148 208 3202 tam
237 3140 343 3203 varias
374 3136 493 3201 habere
524 3136 653 3220 putatis
676 3136 877 3221 agitationes
901 3136 1190 3199 commutationes·

141 3265 206 3325 que
223 3241 399 3317 fluctuum,
417 3248 559 3325 quantas
575 3239 843 3323 perturbationes
860 3247 895 3303 et
910 3246 1055 3323 quantos
1075 3247 1188 3303 aestus

140 3346 241 3409 habet
278 3347 362 3410 ratio
397 3344 630 3409 comitiorum?
677 3342 758 3407 Dies
790 3344 1001 3407 intermissus
1037 3350 1098 3407 aut
1120 3365 1187 3407 nox

140 3452 337 3534 interposita
350 3471 449 3534 saepe
466 3448 641 3533 perturbat
664 3449 785 3523 omnia,
811 3455 846 3510 et
869 3453 972 3511 totam
996 3448 1186 3530 opinionem

140 3576 241 3638 parva
264 3576 332 3618 non
359 3575 542 3637 numquam
571 3559 756 3615 commutat
778 3572 859 3613 aura
881 3551 1034 3614 rumoris.
1082 3548 1186 3634 Saepe
1212 3566 1240 3611 10

141 3660 240 3723 etiam
266 3660 338 3722 sine
372 3658 441 3721 ulla
471 3664 585 3741 aperta
615 3677 715 3719 causa
741 3656 781 3717 fit
806 3654 909 3729 aliud,
941 3661 1044 3738 atque
1076 3655 1189 3719 existi-

140 3764 247 3838 maris
276 3770 316 3826 ut
345 3784 413 3826 non
444 3782 627 3844 numquam
661 3762 709 3823 ita
740 3759 866 3823 facturn
899 3780 969 3822 esse
1001 3759 1100 3822 etiam
1132 3781 1187 3842 po

139 3867 238 3953 polus
266 3866 459 3941 admiretur,
485 3865 581 3951 quasi
607 3884 686 3928 vero
719 3884 786 3925 non
816 3864 886 3946 ipse
917 3861 1044 3926 feeerit
1092 3861 1186 3924 Nihil
1197 3864 1238 3927 36
