2800 4367
201 329 242 394 86
436 341 478 392 ne
500 340 713 391 carinrusu
736 338 876 389 oearro
898 336 1063 399 onasus.

252 513 335 577 tales
352 533 424 578 esse
440 513 631 588 voluerunt,
649 519 689 576 ut
709 533 768 577 vos
790 511 1020 597 populumque
1046 510 1236 574 Romanum
1259 531 1304 574 ex

251 616 351 682 caede
382 617 577 692 miserrima,
606 617 766 703 coniuges
798 615 987 700 liberosque
1014 620 1143 681 vestros
1175 614 1305 701 virgin-

249 743 354 807 esque
372 721 527 787 Vestales
549 742 591 786 ex
611 721 822 786 acerbissima
845 720 1032 796 vexatione,
1051 719 1176 803 templa
1195 726 1303 803 atque

250 825 398 902 delubra,
415 825 500 890 hanc
525 825 784 911 pulcherrimam
805 825 946 909 patriam
970 824 1121 888 omnium
1144 829 1303 887 nostrum

198 948 227 992 25
249 953 294 996 ex
318 929 511 995 foedissima
535 928 677 1007 flamma,
695 936 799 995 totam
828 926 961 993 ltaliam
983 949 1025 992 ex
1042 926 1131 992 bello
1146 934 1183 991 et
1199 929 1304 992 vasti-

250 1042 319 1099 tate
347 1035 518 1119 eriperem,
541 1033 787 1119 quaecumque
804 1030 886 1095 mihi
912 1031 970 1095 uni
998 1037 1210 1116 proponetur
1237 1030 1304 1094 for-

250 1146 344 1215 tuna,
360 1139 532 1204 subeatur.
580 1139 726 1213 Etenim,
742 1138 771 1201 si
799 1137 838 1199 P.
857 1136 1023 1200 Lentulus
1050 1157 1151 1200 suum
1176 1156 1302 1200 nomen
1374 1194 1375 1199 ,

249 1242 409 1307 inductus
439 1264 459 1306 a
488 1242 623 1307 vatibus
647 1242 749 1306 fatale
781 1239 824 1305 ad
854 1240 1033 1325 perniciem
1066 1240 1114 1304 rei
1145 1239 1302 1325 publicae

250 1345 321 1410 fore
349 1347 492 1431 putavit,
524 1368 585 1409 cur
614 1367 677 1432 ego
708 1366 776 1407 non
809 1344 914 1409 laeter
942 1365 1055 1408 meum
1084 1342 1301 1408 consulatum

199 1466 229 1511 ao
249 1449 293 1513 ad
318 1450 462 1515 salutem
494 1451 612 1535 populi
638 1449 780 1513 Romani
810 1470 912 1533 prope
945 1447 1082 1512 fatalem
1118 1448 1301 1512 extitisse?

210 1559 230 1619 3
253 1571 290 1616 11.
322 1552 443 1632 Quare,
460 1562 570 1638 patres
598 1553 789 1638 conscripti,
807 1552 972 1617 consulite
995 1550 1100 1628 vobis,
1117 1552 1300 1636 prospicite

250 1658 387 1741 patriae,
411 1666 605 1722 conservate
634 1679 703 1732 vos,
732 1657 902 1743 coniuges,
925 1656 1046 1721 liberos
1073 1654 1300 1740 fortunasque

250 1768 388 1833 vestras,
406 1763 522 1846 populi
546 1763 687 1826 Romani
714 1782 835 1825 nomen
851 1761 1075 1844 'salutemque
1103 1757 1280 1824 defendite
1291 1784 1299 1834 3

250 1865 331 1928 mihi
348 1886 480 1950 parcere
495 1887 533 1930 ac
549 1865 590 1929 de
610 1888 661 1930 me
678 1866 824 1951 cogitare
849 1864 1002 1928 desinite.
1048 1862 1133 1926 Nam
1151 1863 1300 1947 primum

212 1968 354 2034 tdebeo
380 1991 511 2053 sperare
541 1970 647 2033 omnis
678 1968 768 2043 dece,
797 1969 858 2053 qui
884 1968 962 2031 huic
990 1966 1064 2031 urbi
1092 1966 1298 2051 praesident,

249 2096 308 2158 pro
329 2095 368 2136 eo
394 2073 485 2149 mihi,
502 2094 539 2137 ae
556 2095 692 2148 mereor,
710 2074 874 2137 relaturos
891 2092 962 2136 esse
978 2072 1139 2157 gratiam3
1165 2070 1299 2147 deinde,

249 2179 278 2242 si
294 2178 377 2263 quid
393 2176 561 2263 obtigerit,
578 2198 686 2261 aequo
702 2177 814 2240 animo
830 2184 1013 2261 paratoque
1033 2175 1163 2239 moriar.
1211 2175 1300 2239 Nam

250 2304 359 2367 neque
383 2282 490 2365 turpis
514 2302 601 2345 mors
619 2280 698 2345 forti
722 2280 795 2344 viro
821 2288 932 2365 potest
946 2278 1095 2349 suadere
1112 2300 1222 2363 neque
1239 2280 1301 2343 im-

249 2394 381 2451 matura
415 2386 582 2450 consulari
620 2409 680 2451 nec
719 2388 838 2452 misera
875 2384 1027 2469 sepienti.
1074 2382 1144 2447 Nec
1183 2392 1299 2449 tamen
1373 2402 1374 2413 ¹

115 2578 118 2585 Ι
200 2507 228 2552 10
250 2514 312 2579 ego
328 2512 403 2555 sum
420 2492 475 2555 ille
493 2491 631 2567 ferreus,
648 2492 709 2576 qui
732 2491 844 2557 fratris
867 2493 1027 2557 carissimi
1055 2499 1156 2577 atque
1185 2514 1299 2556 aman-
1373 2476 1374 2543 l

251 2597 371 2661 tissimi
394 2598 577 2681 praesentis
601 2618 747 2661 maerore
771 2618 837 2660 nou
859 2618 994 2661 movear
1018 2594 1204 2681 horumque
1224 2618 1301 2660 om·
1373 2644 1374 2653 κ

250 2702 344 2764 nium
380 2701 547 2776 lacrumis,
579 2722 598 2763 a
629 2701 752 2784 quibus
791 2677 841 2765 me
874 2702 1130 2765 circumsessum
1160 2698 1298 2765 videtis.

251 2805 370 2890 Neque
397 2826 504 2869 meam
532 2812 677 2869 mentem
706 2826 773 2868 non
800 2804 936 2868 domum
961 2826 1059 2889 saepe
1084 2811 1220 2869 revocat
1241 2826 1301 2868 ex·
1373 2830 1374 2861 i

252 2910 398 2973 animata
420 2931 507 2973 uxor
533 2915 568 2973 et
594 2908 723 2973 abiecta
747 2916 839 2972 metu
865 2908 933 2972 filia
953 2915 989 2972 et
1012 2908 1173 2993 parvulus
1194 2907 1297 2984 filius,

201 3028 229 3074 15
251 3036 352 3098 quem
379 3014 458 3076 mihi
476 3012 611 3078 videtur
632 3013 789 3098 amplecti
817 3034 869 3076 res
896 3011 1031 3096 publica
1054 3019 1226 3096 tamquam
1242 3012 1300 3075 ob

250 3117 355 3181 sidem
374 3118 569 3180 consulatus
594 3118 668 3193 mei,
686 3138 795 3201 neque
822 3116 891 3193 ille,
909 3116 968 3201 qui
990 3124 1173 3200 expectans
1194 3114 1298 3180 huius

252 3221 381 3284 exitum
408 3219 475 3284 diei
506 3228 576 3284 stat
605 3221 640 3282 in
672 3226 857 3304 conspectu
888 3240 972 3295 meo,
998 3241 1109 3305 gener.
1156 3218 1299 3283 Moveor

253 3324 304 3388 his
330 3323 428 3387 rebus
455 3323 619 3399 omnibuS,
636 3322 704 3387 sed·
720 3324 756 3385 in
783 3344 856 3387 eam
883 3331 1021 3408 partem,
1038 3324 1090 3387 uti
1117 3323 1202 3389 salvi
1226 3324 1298 3388 sint

252 3426 422 3492 vobiscum
453 3448 577 3503 omnes,
609 3426 740 3490 etiamsi
771 3448 822 3491 me
854 3427 904 3492 vis
941 3428 1054 3511 alique
1084 3427 1296 3512 oppresserit,

199 3545 230 3592 20
251 3531 374 3615 potius,
407 3552 506 3615 quam
538 3538 574 3595 et
604 3531 654 3593 illi
686 3538 721 3595 et
750 3551 809 3594 nos
842 3551 909 3595 una
941 3532 988 3595 rei
1019 3530 1171 3615 publicae
1202 3539 1297 3615 peste

129 3698 136 3711 .
210 3637 436 3719 4pereamus.
491 3634 614 3713 Quare,
654 3642 765 3718 patres
806 3634 995 3717 conscripti,
1033 3633 1215 3699 incumbite
1253 3634 1297 3697 ad

251 3738 395 3801 salutem
426 3738 472 3800 rei
503 3736 667 3819 publicae,
700 3737 944 3817 circumspicite
978 3758 1091 3800 omnes
1124 3738 1296 3821 procellas,

252 3859 339 3924 quae
370 3838 566 3922 inpendent,
593 3837 658 3899 nisi
690 3834 882 3919 providetis.
929 3837 1005 3899 Non
1034 3838 1086 3900 Ti.
1115 3838 1298 3917 Gracchus
