2800 4367
507 344 587 396 011.
613 346 668 408 rc,
692 347 707 408 0
729 346 784 397 as.
1146 333 1209 403 289

67 539 143 582 esse
161 513 387 584 dicendum.
433 515 552 584 Genus
567 523 621 582 est
634 517 725 582 enim
753 517 832 583 belli
847 517 920 584 eius
946 517 1046 596 modi,
1063 517 1155 604 quod

69 623 238 688 maxime
258 627 399 687 vestros
421 621 552 686 animos
579 621 726 686 excitare
753 628 857 707 atque
884 619 1089 688 inflammare
1113 622 1157 687 ad

71 725 331 812 persequendi
345 724 498 792 studium
519 725 660 802 debeat3
683 727 719 790 in
735 747 803 810 quo
818 726 932 812 agitur
954 727 1072 812 populi
1096 727 1159 792 Ro
1180 748 1210 794 10

73 832 169 895 mani
203 831 340 917 gloria,
368 851 455 914 quae
484 829 578 895 vobis
605 851 625 894 a
651 829 834 894 maioribus
861 852 938 894 cum
971 852 1092 918 magna
1120 831 1156 895 in

73 935 254 1000 omnibus
274 934 389 1010 rebus,
406 942 481 1000 tum
503 955 636 1000 summa
659 935 696 999 in
712 955 747 1000 re
773 934 910 998 militari
936 933 1059 999 tradito
1083 942 1155 1011 est3

74 1042 203 1126 agitur
223 1041 327 1106 salus
342 1039 508 1105 sociorum
534 1047 637 1124 atque
665 1040 857 1117 amicorum,
881 1061 1026 1124 proque
1049 1040 1157 1104 multa

75 1146 239 1210 maiores
261 1145 368 1208 vestri
392 1165 514 1230 magna
528 1152 564 1210 01
578 1144 696 1230 gravia
719 1143 806 1208 bella
829 1150 1028 1230 gesserunt;
1051 1165 1155 1230 agun-

75 1260 138 1314 tur
172 1248 380 1313 certissima
409 1248 526 1333 populi
557 1247 702 1312 Romani
726 1247 907 1334 vectigalia
937 1255 973 1312 et
1002 1249 1157 1324 maxima,
1180 1265 1210 1310 30

77 1353 223 1437 quibus
258 1352 394 1416 amissis
421 1360 457 1416 et
483 1353 575 1436 pacis
607 1359 804 1416 ornamenta
831 1357 866 1416 01
896 1350 1045 1416 subsidia
1075 1351 1155 1416 belli

78 1457 306 1542 requiretis;
329 1463 481 1544 aguntur
496 1456 582 1520 bona
598 1456 783 1520 multorum
807 1456 944 1532 civium,
962 1456 1086 1541 quibus
1103 1464 1155 1522 est
1249 1515 1252 1520 .

73 1552 100 1625 'a
116 1562 231 1626 vobis
250 1568 287 1625 01
302 1561 452 1645 ipsorum
467 1569 504 1626 et
518 1562 566 1626 rei
592 1560 746 1646 publicae
775 1581 874 1625 causa
900 1560 1154 1626 consulendum.

80 1685 141 1729 111.
169 1667 227 1729 Et
237 1666 398 1749 quoniam
407 1686 539 1749 semper
549 1671 749 1750 appetentes
761 1664 887 1752 gloriae
895 1671 1026 1750 praeter
1040 1673 1165 1730 ceteras
1188 1669 1207 1731 7

82 1779 219 1857 gentes
252 1776 356 1853 atque
386 1769 478 1834 avidi
510 1768 620 1834 laudis
650 1768 775 1846 fuistis,
804 1767 948 1833 delenda
978 1776 1031 1833 est
1060 1769 1155 1834 vobis

82 1877 150 1939 illa
167 1874 313 1938 macula
328 1873 560 1939 Mithridatico
576 1874 665 1938 bello
688 1874 861 1958 superiore
878 1879 1049 1958 concepta,
1067 1896 1152 1959 quae

83 1980 240 2064 penitus
270 1979 338 2040 iam
374 1977 500 2043 insedit
530 1999 569 2042 ac
600 1979 699 2042 nimis
739 1978 943 2043 inveteravit
973 1978 1005 2040 in
1038 1979 1154 2063 populi

85 2083 248 2148 Romani
278 2082 423 2158 nomine,
455 2081 547 2166 quod
575 2082 615 2158 is,
642 2082 702 2166 qui
733 2103 801 2146 uno
831 2081 885 2146 die
913 2089 985 2146 tota
1012 2083 1047 2146 in
1075 2083 1157 2148 Asia
1193 2097 1208 2142 1

85 2197 144 2252 101
163 2185 418 2250 incivitatibus
442 2208 511 2250 uno
534 2187 656 2250 nuntio
682 2193 785 2271 atque
814 2208 882 2250 una
909 2187 1154 2274 significatione

85 2294 293 2356 litterarum
323 2291 413 2355 cives
445 2291 613 2356 Romanos
645 2313 760 2356 omnes
792 2292 960 2357 necandos
988 2293 1156 2358 trucidan-

86 2397 232 2480 dosque
264 2392 449 2472 denotavit,
480 2417 548 2460 non
580 2395 679 2460 modo
710 2395 820 2460 adhuc
852 2417 993 2481 poenam
1025 2399 1153 2462 nullam
1202 2397 1210 2404 “

86 2522 158 2564 suo
190 2498 329 2584 dignam
355 2500 478 2564 scelere
506 2501 665 2585 suscepit,
682 2499 743 2564 sed
766 2500 808 2564 ab
834 2501 894 2565 1110
924 2507 1072 2584 tempore
1100 2524 1156 2566 an-

88 2625 184 2668 num
211 2603 280 2666 iam
306 2604 444 2667 tertium
471 2611 507 2669 01
521 2605 719 2670 vicesimum
746 2613 875 2691 regnat,
893 2613 928 2670 01
951 2606 999 2668 ita
1025 2615 1155 2692 regnat,
1180 2627 1208 2672 10

87 2717 134 2772 ut
150 2729 192 2771 se
209 2727 278 2770 non
301 2706 404 2772 Ponti
428 2730 539 2792 neque
567 2708 798 2793 Cappadociae
826 2710 962 2774 latebris
985 2711 1153 2777 occultare

90 2813 196 2887 velit,
223 2810 283 2876 sed
310 2833 477 2898 emergere
502 2835 545 2877 ex
572 2815 681 2897 patrio
709 2835 813 2900 regno
843 2819 944 2897 atque
971 2814 1007 2876 in
1032 2816 1153 2880 vestris
1261 2828 1266 2840 ’

90 2915 336 3002 vectigalibus,
363 2917 426 2981 hoc
454 2925 506 2982 est
532 2918 567 2980 in
592 2917 695 2983 Asiae
722 2919 962 2995 111001010011.
1020 2918 1155 2983 Etenim
1187 2925 1207 2987 8

91 3021 213 3086 adhuc
241 3020 288 3084 ita
315 3022 421 3086 nostri
447 3043 526 3086 cum
552 3022 611 3086 illo
639 3044 718 3109 rege
745 3022 993 3088 contenderunt
1019 3024 1155 3108 impera-

93 3135 202 3200 10100,
220 3130 261 3188 ut
274 3123 317 3189 ab
331 3125 390 3190 illo
414 3127 560 3213 insignia
575 3127 746 3204 victoriae,
764 3149 830 3191 non
847 3129 1023 3192 victoriam
1047 3151 1156 3214 repor-
1179 3147 1207 3192 15

93 3235 224 3293 tarent.
270 3228 509 3315 Triumphauit
531 3230 569 3292 L.
587 3230 693 3308 Sulla,
711 3232 932 3316 triumphavit
956 3232 993 3295 L.
1011 3233 1154 3298 Murena

94 3333 141 3396 de
167 3332 377 3411 Mithridate,
409 3333 477 3398 duo
508 3334 683 3400 fortissimi
711 3337 776 3400 viri
804 3343 839 3400 01
865 3339 987 3400 0111111111
1018 3339 1155 3422 impera

95 3445 202 3511 10100,
229 3436 290 3501 sed
317 3438 366 3502 ita
393 3440 655 3523 triumpharunt,
673 3445 714 3503 ut
736 3440 793 3504 ille
820 3441 936 3525 pulsus
964 3450 1155 3526 superatus-

97 3562 168 3625 que
193 3551 357 3628 regnaret.
403 3543 533 3608 Verum
560 3551 673 3609 tamen
700 3544 768 3610 illis
795 3546 1052 3630 imperatoribus
1079 3548 1152 3612 laus

96 3652 155 3708 est
177 3645 365 3724 tribuenda,
391 3646 483 3732 quod
509 3657 663 3734 egerunt,
691 3650 791 3713 venia
818 3649 937 3727 danda,
967 3651 1059 3735 quod
1083 3653 1156 3716 1011-
1177 3665 1207 3710 10

98 3758 262 3833 querunt,
278 3759 454 3836 propterea
478 3752 569 3836 quod
585 3753 627 3817 ab
643 3774 681 3818 οο
698 3752 787 3817 bello
816 3744 945 3818 Sullam
969 3755 1005 3817 in
1021 3755 1153 3820 Italiam

31 3888 32 3931 1
98 3853 314 3937 respublica,
332 3855 509 3920 Murenam
525 3855 619 3921 Sulla
635 3858 812 3922 revocavit.
