<?xml version="1.0" encoding="UTF-8"?>
<!DOCTYPE html PUBLIC "-//W3C//DTD XHTML 1.0 Transitional//EN"
    "http://www.w3.org/TR/xhtml1/DTD/xhtml1-transitional.dtd">
<html xmlns="http://www.w3.org/1999/xhtml" xml:lang="en" lang="en">
 <head>
  <title>
</title>
<meta http-equiv="Content-Type" content="text/html;charset=utf-8" />
  <meta name='ocr-system' content='tesseract 3.04.00' />
  <meta name='ocr-capabilities' content='ocr_page ocr_carea ocr_par ocr_line ocrx_word'/>
</head>
<body>
  <div class='ocr_page' id='page_1' title='image "./selectedoration01cicegoog_0129.png"; bbox 0 0 2800 4367; ppageno 0'>
   <div class='ocr_carea' id='block_1_1' title="bbox 433 309 1182 386">
    <p class='ocr_par' dir='ltr' id='par_1_1' title="bbox 433 309 1182 386">
     <span class='ocr_line' id='line_1_1' title="bbox 433 309 1182 386; baseline 0.004 -13"><span class='ocrx_word' id='word_1_1' title='bbox 433 321 516 374; x_wconf 75' lang='lat' dir='ltr'>cnr.</span> <span class='ocrx_word' id='word_1_2' title='bbox 538 323 628 385; x_wconf 62' lang='lat' dir='ltr'>aaa,</span> <span class='ocrx_word' id='word_1_3' title='bbox 653 324 667 386; x_wconf 74' lang='lat' dir='ltr'>o</span> <span class='ocrx_word' id='word_1_4' title='bbox 690 323 777 376; x_wconf 86' lang='lat' dir='ltr'>n-ro.</span> <span class='ocrx_word' id='word_1_5' title='bbox 1122 309 1182 376; x_wconf 74' lang='lat'>127</span> 
     </span>
    </p>
   </div>
   <div class='ocr_carea' id='block_1_2' title="bbox 89 492 1188 1932">
    <p class='ocr_par' dir='ltr' id='par_1_2' title="bbox 89 492 1188 1932">
     <span class='ocr_line' id='line_1_2' title="bbox 90 492 1132 580; baseline -0.002 -20"><span class='ocrx_word' id='word_1_6' title='bbox 90 493 237 580; x_wconf 85' lang='lat' dir='ltr'>petendo,</span> <span class='ocrx_word' id='word_1_7' title='bbox 254 492 410 578; x_wconf 83' lang='lat' dir='ltr'><strong>cupidior</strong></span> <span class='ocrx_word' id='word_1_8' title='bbox 425 492 595 559; x_wconf 86' lang='lat' dir='ltr'>iudicatus</span> <span class='ocrx_word' id='word_1_9' title='bbox 608 500 660 558; x_wconf 86' lang='lat' dir='ltr'>est</span> <span class='ocrx_word' id='word_1_10' title='bbox 675 493 730 558; x_wconf 92' lang='lat' dir='ltr'>hic</span> <span class='ocrx_word' id='word_1_11' title='bbox 753 492 859 560; x_wconf 83' lang='lat' dir='ltr'>fuisse</span> <span class='ocrx_word' id='word_1_12' title='bbox 876 501 987 580; x_wconf 72' lang='lat' dir='ltr'>‘quarn</span> <span class='ocrx_word' id='word_1_13' title='bbox 1011 496 1132 570; x_wconf 69' lang='lat' dir='ltr'>ceteri3</span> 
     </span>
     <span class='ocr_line' id='line_1_3' title="bbox 89 591 1187 684; baseline -0.001 -20"><span class='ocrx_word' id='word_1_14' title='bbox 89 601 136 664; x_wconf 91' lang='lat' dir='ltr'>sin</span> <span class='ocrx_word' id='word_1_15' title='bbox 150 599 249 664; x_wconf 88' lang='lat' dir='ltr'>etiam</span> <span class='ocrx_word' id='word_1_16' title='bbox 266 600 300 661; x_wconf 90' lang='lat' dir='ltr'>in</span> <span class='ocrx_word' id='word_1_17' title='bbox 317 599 393 662; x_wconf 87' lang='lat' dir='ltr'>aliis</span> <span class='ocrx_word' id='word_1_18' title='bbox 414 620 482 662; x_wconf 90' lang='lat' dir='ltr'>non</span> <span class='ocrx_word' id='word_1_19' title='bbox 505 597 610 662; x_wconf 89' lang='lat' dir='ltr'>nullis</span> <span class='ocrx_word' id='word_1_20' title='bbox 633 597 704 663; x_wconf 86' lang='lat' dir='ltr'>fuit</span> <span class='ocrx_word' id='word_1_21' title='bbox 725 591 790 664; x_wconf 84' lang='lat' dir='ltr'>iste</span> <span class='ocrx_word' id='word_1_22' title='bbox 813 599 1008 684; x_wconf 77' lang='lat' dir='ltr'>consulatus</span> <span class='ocrx_word' id='word_1_23' title='bbox 1033 622 1134 676; x_wconf 84' lang='lat' dir='ltr'>amor,</span> <span class='ocrx_word' id='word_1_24' title='bbox 1156 617 1187 663; x_wconf 80' lang='lat' dir='ltr'>ao</span> 
     </span>
     <span class='ocr_line' id='line_1_4' title="bbox 91 700 1132 789; baseline 0.002 -23"><span class='ocrx_word' id='word_1_25' title='bbox 91 704 219 767; x_wconf 81' lang='lat' dir='ltr'>fortuna</span> <span class='ocrx_word' id='word_1_26' title='bbox 241 703 278 766; x_wconf 90' lang='lat' dir='ltr'>in</span> <span class='ocrx_word' id='word_1_27' title='bbox 301 703 365 767; x_wconf 89' lang='lat' dir='ltr'>hoc</span> <span class='ocrx_word' id='word_1_28' title='bbox 388 701 457 770; x_wconf 81' lang='lat' dir='ltr'>fuit</span> <span class='ocrx_word' id='word_1_29' title='bbox 481 700 623 768; x_wconf 86' lang='lat' dir='ltr'>fortasse</span> <span class='ocrx_word' id='word_1_30' title='bbox 650 703 786 789; x_wconf 87' lang='lat' dir='ltr'>gravior</span> <span class='ocrx_word' id='word_1_31' title='bbox 813 725 915 788; x_wconf 89' lang='lat' dir='ltr'>quam</span> <span class='ocrx_word' id='word_1_32' title='bbox 941 703 976 766; x_wconf 91' lang='lat' dir='ltr'>in</span> <span class='ocrx_word' id='word_1_33' title='bbox 1003 705 1132 770; x_wconf 86' lang='lat' dir='ltr'>ceteris.</span> 
     </span>
     <span class='ocr_line' id='line_1_5' title="bbox 91 805 1187 892; baseline 0.002 -21"><span class='ocrx_word' id='word_1_34' title='bbox 91 808 203 873; x_wconf 79' lang='lat' dir='ltr'>Postea</span> <span class='ocrx_word' id='word_1_35' title='bbox 219 829 299 872; x_wconf 88' lang='lat' dir='ltr'>vero</span> <span class='ocrx_word' id='word_1_36' title='bbox 315 807 393 892; x_wconf 90' lang='lat' dir='ltr'>quis</span> <span class='ocrx_word' id='word_1_37' title='bbox 416 806 455 869; x_wconf 94' lang='lat' dir='ltr'>P.</span> <span class='ocrx_word' id='word_1_38' title='bbox 479 805 610 872; x_wconf 82' lang='lat' dir='ltr'><strong>Sullam</strong></span> <span class='ocrx_word' id='word_1_39' title='bbox 632 807 699 871; x_wconf 88' lang='lat' dir='ltr'>nisi</span> <span class='ocrx_word' id='word_1_40' title='bbox 723 816 935 884; x_wconf 85' lang='lat' dir='ltr'>maerentem,</span> <span class='ocrx_word' id='word_1_41' title='bbox 952 806 1134 886; x_wconf 86' lang='lat' dir='ltr'>demissum</span> <span class='ocrx_word' id='word_1_42' title='bbox 1147 812 1187 876; x_wconf 81' lang='lat'>74</span> 
     </span>
     <span class='ocr_line' id='line_1_6' title="bbox 92 910 1133 997; baseline 0.003 -22"><span class='ocrx_word' id='word_1_43' title='bbox 92 911 313 997; x_wconf 85' lang='lat' dir='ltr'>afflictumque</span> <span class='ocrx_word' id='word_1_44' title='bbox 346 910 444 988; x_wconf 81' lang='lat' dir='ltr'>vidit,</span> <span class='ocrx_word' id='word_1_45' title='bbox 470 913 546 996; x_wconf 86' lang='lat' dir='ltr'>quis</span> <span class='ocrx_word' id='word_1_46' title='bbox 571 932 732 996; x_wconf 87' lang='lat' dir='ltr'>umquam</span> <span class='ocrx_word' id='word_1_47' title='bbox 755 918 808 976; x_wconf 85' lang='lat' dir='ltr'>est</span> <span class='ocrx_word' id='word_1_48' title='bbox 830 913 1022 996; x_wconf 86' lang='lat' dir='ltr'>suspicatus</span> <span class='ocrx_word' id='word_1_49' title='bbox 1045 913 1133 978; x_wconf 91' lang='lat' dir='ltr'>hunc</span> 
     </span>
     <span class='ocr_line' id='line_1_7' title="bbox 92 1015 1132 1103; baseline 0.004 -24"><span class='ocrx_word' id='word_1_50' title='bbox 92 1018 188 1103; x_wconf 88' lang='lat' dir='ltr'>magis</span> <span class='ocrx_word' id='word_1_51' title='bbox 204 1017 283 1080; x_wconf 92' lang='lat' dir='ltr'>odio</span> <span class='ocrx_word' id='word_1_52' title='bbox 298 1037 403 1101; x_wconf 88' lang='lat' dir='ltr'>quam</span> <span class='ocrx_word' id='word_1_53' title='bbox 418 1015 544 1101; x_wconf 89' lang='lat' dir='ltr'>pudore</span> <span class='ocrx_word' id='word_1_54' title='bbox 562 1015 737 1080; x_wconf 91' lang='lat' dir='ltr'>hominum</span> <span class='ocrx_word' id='word_1_55' title='bbox 759 1023 932 1102; x_wconf 86' lang='lat' dir='ltr'>aspectum</span> <span class='ocrx_word' id='word_1_56' title='bbox 956 1017 1132 1102; x_wconf 88' lang='lat' dir='ltr'>lucemque</span> 
     </span>
     <span class='ocr_line' id='line_1_8' title="bbox 92 1120 1187 1199; baseline -0.002 -14"><span class='ocrx_word' id='word_1_57' title='bbox 92 1121 215 1186; x_wconf 85' lang='lat' dir='ltr'>vitare?</span> <span class='ocrx_word' id='word_1_58' title='bbox 262 1121 426 1199; x_wconf 82' lang='lat' dir='ltr'>Quicum</span> <span class='ocrx_word' id='word_1_59' title='bbox 447 1121 555 1184; x_wconf 87' lang='lat' dir='ltr'>multa</span> <span class='ocrx_word' id='word_1_60' title='bbox 578 1120 716 1185; x_wconf 87' lang='lat' dir='ltr'>haberet</span> <span class='ocrx_word' id='word_1_61' title='bbox 738 1121 960 1186; x_wconf 87' lang='lat' dir='ltr'>invitamenta</span> <span class='ocrx_word' id='word_1_62' title='bbox 984 1120 1075 1186; x_wconf 90' lang='lat' dir='ltr'>urbis</span> <span class='ocrx_word' id='word_1_63' title='bbox 1100 1131 1136 1188; x_wconf 88' lang='lat' dir='ltr'>et</span> <span class='ocrx_word' id='word_1_64' title='bbox 1157 1137 1187 1183; x_wconf 75' lang='lat' dir='ltr'>aa</span> 
     </span>
     <span class='ocr_line' id='line_1_9' title="bbox 91 1224 1134 1310; baseline 0.002 -22"><span class='ocrx_word' id='word_1_65' title='bbox 91 1225 150 1288; x_wconf 84' lang='lat' dir='ltr'>lori</span> <span class='ocrx_word' id='word_1_66' title='bbox 169 1233 306 1310; x_wconf 89' lang='lat' dir='ltr'>propter</span> <span class='ocrx_word' id='word_1_67' title='bbox 333 1246 464 1302; x_wconf 86' lang='lat' dir='ltr'>summa</span> <span class='ocrx_word' id='word_1_68' title='bbox 490 1224 604 1289; x_wconf 87' lang='lat' dir='ltr'>studia</span> <span class='ocrx_word' id='word_1_69' title='bbox 630 1226 822 1301; x_wconf 87' lang='lat' dir='ltr'>amicorum,</span> <span class='ocrx_word' id='word_1_70' title='bbox 846 1246 932 1309; x_wconf 90' lang='lat' dir='ltr'>quae</span> <span class='ocrx_word' id='word_1_71' title='bbox 960 1234 1072 1290; x_wconf 87' lang='lat' dir='ltr'>tamen</span> <span class='ocrx_word' id='word_1_72' title='bbox 1102 1227 1134 1292; x_wconf 91' lang='lat' dir='ltr'>ei</span> 
     </span>
     <span class='ocr_line' id='line_1_10' title="bbox 91 1327 1132 1407; baseline 0.002 -14"><span class='ocrx_word' id='word_1_73' title='bbox 91 1331 156 1393; x_wconf 87' lang='lat' dir='ltr'>sola</span> <span class='ocrx_word' id='word_1_74' title='bbox 183 1331 218 1392; x_wconf 93' lang='lat' dir='ltr'>in</span> <span class='ocrx_word' id='word_1_75' title='bbox 249 1329 346 1393; x_wconf 90' lang='lat' dir='ltr'>malis</span> <span class='ocrx_word' id='word_1_76' title='bbox 377 1330 586 1406; x_wconf 87' lang='lat' dir='ltr'>restiterunt,</span> <span class='ocrx_word' id='word_1_77' title='bbox 617 1327 706 1394; x_wconf 80' lang='lat' dir='ltr'>aluit</span> <span class='ocrx_word' id='word_1_78' title='bbox 734 1329 776 1394; x_wconf 92' lang='lat' dir='ltr'>ab</span> <span class='ocrx_word' id='word_1_79' title='bbox 799 1330 905 1394; x_wconf 85' lang='lat' dir='ltr'>oculis</span> <span class='ocrx_word' id='word_1_80' title='bbox 937 1331 1056 1395; x_wconf 86' lang='lat' dir='ltr'>vestris</span> <span class='ocrx_word' id='word_1_81' title='bbox 1088 1338 1132 1407; x_wconf 81' lang='lat' dir='ltr'>et,</span> 
     </span>
     <span class='ocr_line' id='line_1_11' title="bbox 92 1434 1131 1520; baseline 0.001 -22"><span class='ocrx_word' id='word_1_82' title='bbox 92 1456 162 1498; x_wconf 93' lang='lat' dir='ltr'>cum</span> <span class='ocrx_word' id='word_1_83' title='bbox 190 1435 264 1520; x_wconf 87' lang='lat' dir='ltr'>lege</span> <span class='ocrx_word' id='word_1_84' title='bbox 296 1434 508 1510; x_wconf 80' lang='lat' dir='ltr'>retineretur,</span> <span class='ocrx_word' id='word_1_85' title='bbox 540 1434 611 1518; x_wconf 87' lang='lat' dir='ltr'>ipse</span> <span class='ocrx_word' id='word_1_86' title='bbox 642 1455 677 1499; x_wconf 89' lang='lat' dir='ltr'>se</span> <span class='ocrx_word' id='word_1_87' title='bbox 709 1434 810 1498; x_wconf 81' lang='lat' dir='ltr'>exilio</span> <span class='ocrx_word' id='word_1_88' title='bbox 837 1455 941 1518; x_wconf 90' lang='lat' dir='ltr'>paene</span> <span class='ocrx_word' id='word_1_89' title='bbox 965 1435 1131 1499; x_wconf 87' lang='lat' dir='ltr'>multavit.</span> 
     </span>
     <span class='ocr_line' id='line_1_12' title="bbox 92 1537 1133 1622; baseline 0.002 -22"><span class='ocrx_word' id='word_1_90' title='bbox 92 1555 204 1601; x_wconf 82' lang='lat' dir='ltr'>xxvn.</span> <span class='ocrx_word' id='word_1_91' title='bbox 235 1537 279 1600; x_wconf 90' lang='lat' dir='ltr'>In</span> <span class='ocrx_word' id='word_1_92' title='bbox 295 1537 357 1601; x_wconf 91' lang='lat' dir='ltr'>hoc</span> <span class='ocrx_word' id='word_1_93' title='bbox 374 1559 435 1602; x_wconf 81' lang='lat' dir='ltr'>ros</span> <span class='ocrx_word' id='word_1_94' title='bbox 450 1537 589 1622; x_wconf 83' lang='lat' dir='ltr'>pudore,</span> <span class='ocrx_word' id='word_1_95' title='bbox 606 1537 745 1613; x_wconf 70' lang='lat' dir='ltr'>iudices</span> <span class='ocrx_word' id='word_1_96' title='bbox 762 1538 847 1602; x_wconf 92' lang='lat' dir='ltr'>etin</span> <span class='ocrx_word' id='word_1_97' title='bbox 871 1537 931 1602; x_wconf 88' lang='lat' dir='ltr'>hac</span> <span class='ocrx_word' id='word_1_98' title='bbox 945 1539 1016 1602; x_wconf 88' lang='lat' dir='ltr'>vita</span> <span class='ocrx_word' id='word_1_99' title='bbox 1038 1545 1133 1602; x_wconf 85' lang='lat' dir='ltr'>tanto</span> 
     </span>
     <span class='ocr_line' id='line_1_13' title="bbox 92 1635 1134 1722; baseline 0 -21"><span class='ocrx_word' id='word_1_100' title='bbox 92 1638 200 1701; x_wconf 90' lang='lat' dir='ltr'>sceleri</span> <span class='ocrx_word' id='word_1_101' title='bbox 230 1638 344 1701; x_wconf 90' lang='lat' dir='ltr'>locum</span> <span class='ocrx_word' id='word_1_102' title='bbox 375 1635 480 1701; x_wconf 85' lang='lat' dir='ltr'>fuisse</span> <span class='ocrx_word' id='word_1_103' title='bbox 511 1636 673 1701; x_wconf 84' lang='lat' dir='ltr'>creditis?</span> <span class='ocrx_word' id='word_1_104' title='bbox 720 1638 872 1722; x_wconf 80' lang='lat' dir='ltr'>Aspicite</span> <span class='ocrx_word' id='word_1_105' title='bbox 908 1639 1029 1722; x_wconf 89' lang='lat' dir='ltr'>ipsum,</span> <span class='ocrx_word' id='word_1_106' title='bbox 1060 1660 1134 1703; x_wconf 92' lang='lat' dir='ltr'>con-</span> 
     </span>
     <span class='ocr_line' id='line_1_14' title="bbox 94 1738 1133 1818; baseline 0.002 -14"><span class='ocrx_word' id='word_1_107' title='bbox 94 1742 226 1805; x_wconf 89' lang='lat' dir='ltr'>tuemini</span> <span class='ocrx_word' id='word_1_108' title='bbox 251 1763 298 1817; x_wconf 91' lang='lat' dir='ltr'>os,</span> <span class='ocrx_word' id='word_1_109' title='bbox 321 1738 472 1805; x_wconf 82' lang='lat' dir='ltr'>conferte</span> <span class='ocrx_word' id='word_1_110' title='bbox 498 1741 624 1805; x_wconf 87' lang='lat' dir='ltr'>crimen</span> <span class='ocrx_word' id='word_1_111' title='bbox 647 1763 725 1805; x_wconf 90' lang='lat' dir='ltr'>cum</span> <span class='ocrx_word' id='word_1_112' title='bbox 750 1743 829 1818; x_wconf 89' lang='lat' dir='ltr'>vita,</span> <span class='ocrx_word' id='word_1_113' title='bbox 846 1742 950 1806; x_wconf 92' lang='lat' dir='ltr'>vitam</span> <span class='ocrx_word' id='word_1_114' title='bbox 972 1742 1013 1806; x_wconf 89' lang='lat' dir='ltr'>ab</span> <span class='ocrx_word' id='word_1_115' title='bbox 1037 1743 1133 1806; x_wconf 88' lang='lat' dir='ltr'>initio</span> 
     </span>
     <span class='ocr_line' id='line_1_15' title="bbox 94 1844 1188 1932; baseline 0.001 -25"><span class='ocrx_word' id='word_1_116' title='bbox 94 1867 192 1929; x_wconf 88' lang='lat' dir='ltr'>usque</span> <span class='ocrx_word' id='word_1_117' title='bbox 217 1844 348 1908; x_wconf 89' lang='lat' dir='ltr'>adhoc</span> <span class='ocrx_word' id='word_1_118' title='bbox 380 1852 513 1929; x_wconf 90' lang='lat' dir='ltr'>tempus</span> <span class='ocrx_word' id='word_1_119' title='bbox 537 1844 739 1929; x_wconf 79' lang='lat' dir='ltr'>explicatam</span> <span class='ocrx_word' id='word_1_120' title='bbox 762 1866 839 1909; x_wconf 91' lang='lat' dir='ltr'>curn</span> <span class='ocrx_word' id='word_1_121' title='bbox 865 1847 1000 1910; x_wconf 89' lang='lat' dir='ltr'>crimine</span> <span class='ocrx_word' id='word_1_122' title='bbox 1025 1868 1137 1932; x_wconf 86' lang='lat' dir='ltr'>recog·</span> <span class='ocrx_word' id='word_1_123' title='bbox 1172 1863 1188 1908; x_wconf 87' lang='lat'>4</span> 
     </span>
    </p>
   </div>
   <div class='ocr_carea' id='block_1_3' title="bbox 95 1948 1257 2034">
    <p class='ocr_par' dir='ltr' id='par_1_3' title="bbox 95 1948 1257 2034">
     <span class='ocr_line' id='line_1_16' title="bbox 95 1948 1257 2034; baseline 0.004 -23"><span class='ocrx_word' id='word_1_124' title='bbox 95 1951 223 2014; x_wconf 88' lang='lat' dir='ltr'>noscite.</span> <span class='ocrx_word' id='word_1_125' title='bbox 270 1948 374 2013; x_wconf 91' lang='lat' dir='ltr'>Mitto</span> <span class='ocrx_word' id='word_1_126' title='bbox 390 1970 460 2012; x_wconf 88' lang='lat' dir='ltr'>rem</span> <span class='ocrx_word' id='word_1_127' title='bbox 475 1948 655 2033; x_wconf 87' lang='lat' dir='ltr'>publicam,</span> <span class='ocrx_word' id='word_1_128' title='bbox 673 1970 759 2033; x_wconf 87' lang='lat' dir='ltr'>quae</span> <span class='ocrx_word' id='word_1_129' title='bbox 779 1948 847 2013; x_wconf 83' lang='lat' dir='ltr'>fuit</span> <span class='ocrx_word' id='word_1_130' title='bbox 869 1971 999 2034; x_wconf 88' lang='lat' dir='ltr'>semper</span> <span class='ocrx_word' id='word_1_131' title='bbox 1021 1949 1134 2016; x_wconf 86' lang='lat' dir='ltr'>Sullae</span> <span class='ocrx_word' id='word_1_132' title='bbox 1148 1951 1187 2016; x_wconf 76' lang='grc'>75</span> <span class='ocrx_word' id='word_1_133' title='bbox 1252 1970 1257 1979; x_wconf 84' lang='grc'><em>·</em></span> 
     </span>
    </p>
   </div>
   <div class='ocr_carea' id='block_1_4' title="bbox 95 2047 1135 2452">
    <p class='ocr_par' dir='ltr' id='par_1_4' title="bbox 95 2047 1135 2452">
     <span class='ocr_line' id='line_1_17' title="bbox 95 2047 1133 2138; baseline 0.002 -22"><span class='ocrx_word' id='word_1_134' title='bbox 95 2055 273 2129; x_wconf 84' lang='lat' dir='ltr'>carissima3</span> <span class='ocrx_word' id='word_1_135' title='bbox 305 2053 410 2118; x_wconf 92' lang='lat' dir='ltr'>hosne</span> <span class='ocrx_word' id='word_1_136' title='bbox 433 2054 566 2129; x_wconf 67' lang='lat' dir='ltr'>amicos</span> <span class='ocrx_word' id='word_1_137' title='bbox 585 2054 669 2117; x_wconf 87' lang='lat' dir='ltr'>tales</span> <span class='ocrx_word' id='word_1_138' title='bbox 696 2047 795 2128; x_wconf 71' lang='lat' dir='ltr'>viriis</span> <span class='ocrx_word' id='word_1_139' title='bbox 816 2060 884 2118; x_wconf 90' lang='lat' dir='ltr'>tarn</span> <span class='ocrx_word' id='word_1_140' title='bbox 908 2053 1046 2138; x_wconf 83' lang='lat' dir='ltr'>cupidos</span> <span class='ocrx_word' id='word_1_141' title='bbox 1069 2056 1133 2130; x_wconf 88' lang='lat' dir='ltr'>sui,</span> 
     </span>
     <span class='ocr_line' id='line_1_18' title="bbox 96 2157 1134 2242; baseline 0.002 -21"><span class='ocrx_word' id='word_1_142' title='bbox 96 2180 148 2241; x_wconf 92' lang='lat' dir='ltr'>per</span> <span class='ocrx_word' id='word_1_143' title='bbox 158 2180 239 2242; x_wconf 91' lang='lat' dir='ltr'>quos</span> <span class='ocrx_word' id='word_1_144' title='bbox 251 2179 304 2222; x_wconf 90' lang='lat' dir='ltr'>res</span> <span class='ocrx_word' id='word_1_145' title='bbox 317 2158 389 2222; x_wconf 89' lang='lat' dir='ltr'>eius</span> <span class='ocrx_word' id='word_1_146' title='bbox 404 2157 571 2221; x_wconf 88' lang='lat' dir='ltr'>secundae</span> <span class='ocrx_word' id='word_1_147' title='bbox 588 2157 759 2242; x_wconf 85' lang='lat' dir='ltr'>quondam</span> <span class='ocrx_word' id='word_1_148' title='bbox 775 2164 870 2221; x_wconf 86' lang='lat' dir='ltr'>erant</span> <span class='ocrx_word' id='word_1_149' title='bbox 886 2165 1030 2235; x_wconf 86' lang='lat' dir='ltr'>ornatae,</span> <span class='ocrx_word' id='word_1_150' title='bbox 1044 2181 1134 2223; x_wconf 88' lang='lat' dir='ltr'>nunc</span> 
     </span>
     <span class='ocr_line' id='line_1_19' title="bbox 96 2260 1135 2346; baseline 0.002 -22"><span class='ocrx_word' id='word_1_151' title='bbox 96 2261 307 2327; x_wconf 88' lang='lat' dir='ltr'>sublevantur</span> <span class='ocrx_word' id='word_1_152' title='bbox 319 2262 491 2338; x_wconf 87' lang='lat' dir='ltr'>adversae,</span> <span class='ocrx_word' id='word_1_153' title='bbox 505 2260 734 2326; x_wconf 85' lang='lat' dir='ltr'>crudelissime</span> <span class='ocrx_word' id='word_1_154' title='bbox 746 2262 854 2346; x_wconf 88' lang='lat' dir='ltr'>perire</span> <span class='ocrx_word' id='word_1_155' title='bbox 872 2261 989 2337; x_wconf 87' lang='lat' dir='ltr'>voluit,</span> <span class='ocrx_word' id='word_1_156' title='bbox 1004 2270 1043 2325; x_wconf 89' lang='lat' dir='ltr'>ut</span> <span class='ocrx_word' id='word_1_157' title='bbox 1058 2284 1135 2326; x_wconf 92' lang='lat' dir='ltr'>cum</span> 
     </span>
     <span class='ocr_line' id='line_1_20' title="bbox 96 2363 1133 2452; baseline 0.001 -23"><span class='ocrx_word' id='word_1_158' title='bbox 96 2365 231 2430; x_wconf 89' lang='lat' dir='ltr'>Lentulo</span> <span class='ocrx_word' id='word_1_159' title='bbox 252 2374 287 2431; x_wconf 89' lang='lat' dir='ltr'>et</span> <span class='ocrx_word' id='word_1_160' title='bbox 311 2365 460 2430; x_wconf 89' lang='lat' dir='ltr'>Catilina</span> <span class='ocrx_word' id='word_1_161' title='bbox 482 2372 518 2430; x_wconf 89' lang='lat' dir='ltr'>et</span> <span class='ocrx_word' id='word_1_162' title='bbox 541 2364 692 2452; x_wconf 84' lang='lat' dir='ltr'>Cethego</span> <span class='ocrx_word' id='word_1_163' title='bbox 720 2363 947 2429; x_wconf 87' lang='lat' dir='ltr'>foedissimam</span> <span class='ocrx_word' id='word_1_164' title='bbox 971 2367 1074 2430; x_wconf 86' lang='lat' dir='ltr'>vitam</span> <span class='ocrx_word' id='word_1_165' title='bbox 1096 2387 1133 2430; x_wconf 88' lang='lat' dir='ltr'>ac</span> 
     </span>
    </p>
   </div>
   <div class='ocr_carea' id='block_1_5' title="bbox 96 2455 1209 2555">
    <p class='ocr_par' dir='ltr' id='par_1_5' title="bbox 96 2455 1209 2555">
     <span class='ocr_line' id='line_1_21' title="bbox 96 2455 1209 2555; baseline 0 -23"><span class='ocrx_word' id='word_1_166' title='bbox 96 2471 302 2536; x_wconf 87' lang='lat' dir='ltr'>miserrimam</span> <span class='ocrx_word' id='word_1_167' title='bbox 320 2469 514 2554; x_wconf 87' lang='lat' dir='ltr'>turpissima</span> <span class='ocrx_word' id='word_1_168' title='bbox 531 2475 637 2534; x_wconf 86' lang='lat' dir='ltr'>morte</span> <span class='ocrx_word' id='word_1_169' title='bbox 653 2470 826 2554; x_wconf 88' lang='lat' dir='ltr'>proposita</span> <span class='ocrx_word' id='word_1_170' title='bbox 842 2469 1001 2555; x_wconf 86' lang='lat' dir='ltr'>degeret?</span> <span class='ocrx_word' id='word_1_171' title='bbox 1048 2469 1135 2546; x_wconf 86' lang='lat' dir='ltr'>Non,</span> <span class='ocrx_word' id='word_1_172' title='bbox 1158 2487 1188 2532; x_wconf 91' lang='lat'>10</span> <span class='ocrx_word' id='word_1_173' title='bbox 1204 2455 1209 2468; x_wconf 66' lang='grc'><strong><em>’</em></strong></span> 
     </span>
    </p>
   </div>
   <div class='ocr_carea' id='block_1_6' title="bbox 51 2573 1189 3910">
    <p class='ocr_par' dir='ltr' id='par_1_6' title="bbox 51 2573 1189 3910">
     <span class='ocr_line' id='line_1_22' title="bbox 96 2573 1134 2658; baseline 0.004 -24"><span class='ocrx_word' id='word_1_174' title='bbox 96 2575 231 2658; x_wconf 84' lang='lat' dir='ltr'>inquam,</span> <span class='ocrx_word' id='word_1_175' title='bbox 250 2573 342 2639; x_wconf 92' lang='lat' dir='ltr'>cadit</span> <span class='ocrx_word' id='word_1_176' title='bbox 358 2575 393 2637; x_wconf 89' lang='lat' dir='ltr'>in</span> <span class='ocrx_word' id='word_1_177' title='bbox 409 2574 470 2638; x_wconf 88' lang='lat' dir='ltr'>hos</span> <span class='ocrx_word' id='word_1_178' title='bbox 487 2595 605 2651; x_wconf 78' lang='lat' dir='ltr'>morea,</span> <span class='ocrx_word' id='word_1_179' title='bbox 622 2595 690 2638; x_wconf 93' lang='lat' dir='ltr'>non</span> <span class='ocrx_word' id='word_1_180' title='bbox 707 2575 741 2636; x_wconf 91' lang='lat' dir='ltr'>in</span> <span class='ocrx_word' id='word_1_181' title='bbox 765 2573 855 2637; x_wconf 89' lang='lat' dir='ltr'>hunc</span> <span class='ocrx_word' id='word_1_182' title='bbox 879 2573 1049 2658; x_wconf 88' lang='lat' dir='ltr'>pudorem,</span> <span class='ocrx_word' id='word_1_183' title='bbox 1067 2597 1134 2639; x_wconf 93' lang='lat' dir='ltr'>non</span> 
     </span>
     <span class='ocr_line' id='line_1_23' title="bbox 51 2669 1133 2763; baseline 0.005 -25"><span class='ocrx_word' id='word_1_184' title='bbox 51 2669 58 2676; x_wconf 66' lang='grc'><strong>’</strong></span> <span class='ocrx_word' id='word_1_185' title='bbox 96 2678 126 2739; x_wconf 91' lang='lat' dir='ltr'>in</span> <span class='ocrx_word' id='word_1_186' title='bbox 147 2678 227 2744; x_wconf 88' lang='lat' dir='ltr'>hanc</span> <span class='ocrx_word' id='word_1_187' title='bbox 259 2679 374 2755; x_wconf 85' lang='lat' dir='ltr'>vitam,</span> <span class='ocrx_word' id='word_1_188' title='bbox 399 2699 468 2742; x_wconf 92' lang='lat' dir='ltr'>non</span> <span class='ocrx_word' id='word_1_189' title='bbox 499 2679 534 2740; x_wconf 92' lang='lat' dir='ltr'>in</span> <span class='ocrx_word' id='word_1_190' title='bbox 565 2679 654 2742; x_wconf 90' lang='lat' dir='ltr'>hunc</span> <span class='ocrx_word' id='word_1_191' title='bbox 684 2677 853 2741; x_wconf 82' lang='lat' dir='ltr'>homin‘em</span> <span class='ocrx_word' id='word_1_192' title='bbox 885 2678 949 2740; x_wconf 87' lang='lat' dir='ltr'>ista</span> <span class='ocrx_word' id='word_1_193' title='bbox 978 2680 1133 2763; x_wconf 81' lang='lat' dir='ltr'>suspicio</span> 
     </span>
     <span class='ocr_line' id='line_1_24' title="bbox 95 2780 1134 2868; baseline 0.004 -26"><span class='ocrx_word' id='word_1_194' title='bbox 95 2780 182 2847; x_wconf 90' lang='lat' dir='ltr'>Nova</span> <span class='ocrx_word' id='word_1_195' title='bbox 212 2782 377 2868; x_wconf 88' lang='lat' dir='ltr'>quaedam</span> <span class='ocrx_word' id='word_1_196' title='bbox 400 2783 460 2846; x_wconf 89' lang='lat' dir='ltr'>illa</span> <span class='ocrx_word' id='word_1_197' title='bbox 483 2782 662 2845; x_wconf 86' lang='lat' dir='ltr'>inmanitas</span> <span class='ocrx_word' id='word_1_198' title='bbox 694 2788 810 2845; x_wconf 87' lang='lat' dir='ltr'>exorta</span> <span class='ocrx_word' id='word_1_199' title='bbox 841 2786 902 2857; x_wconf 86' lang='lat' dir='ltr'>est,</span> <span class='ocrx_word' id='word_1_200' title='bbox 931 2782 1134 2857; x_wconf 87' lang='lat' dir='ltr'>incredibilis</span> 
     </span>
     <span class='ocr_line' id='line_1_25' title="bbox 95 2883 1135 2972; baseline 0.004 -26"><span class='ocrx_word' id='word_1_201' title='bbox 95 2884 156 2950; x_wconf 86' lang='lat' dir='ltr'>fuit</span> <span class='ocrx_word' id='word_1_202' title='bbox 190 2908 228 2952; x_wconf 85' lang='lat' dir='ltr'>ac</span> <span class='ocrx_word' id='word_1_203' title='bbox 266 2886 449 2972; x_wconf 88' lang='lat' dir='ltr'>singularis</span> <span class='ocrx_word' id='word_1_204' title='bbox 480 2884 583 2962; x_wconf 87' lang='lat' dir='ltr'>furor,</span> <span class='ocrx_word' id='word_1_205' title='bbox 615 2907 657 2949; x_wconf 84' lang='lat' dir='ltr'>ex</span> <span class='ocrx_word' id='word_1_206' title='bbox 688 2884 804 2948; x_wconf 85' lang='lat' dir='ltr'>multis</span> <span class='ocrx_word' id='word_1_207' title='bbox 836 2883 878 2948; x_wconf 87' lang='lat' dir='ltr'>ab</span> <span class='ocrx_word' id='word_1_208' title='bbox 907 2884 1135 2950; x_wconf 86' lang='lat' dir='ltr'>adulescentia</span> 
     </span>
     <span class='ocr_line' id='line_1_26' title="bbox 95 2989 1188 3075; baseline -0.002 -23"><span class='ocrx_word' id='word_1_209' title='bbox 95 2991 234 3055; x_wconf 88' lang='lat' dir='ltr'>collectis</span> <span class='ocrx_word' id='word_1_210' title='bbox 257 2990 469 3075; x_wconf 90' lang='lat' dir='ltr'>perditorum</span> <span class='ocrx_word' id='word_1_211' title='bbox 489 2989 662 3053; x_wconf 92' lang='lat' dir='ltr'>hominum</span> <span class='ocrx_word' id='word_1_212' title='bbox 678 2989 769 3052; x_wconf 86' lang='lat' dir='ltr'>vitiis</span> <span class='ocrx_word' id='word_1_213' title='bbox 794 2996 930 3072; x_wconf 87' lang='lat' dir='ltr'>repente</span> <span class='ocrx_word' id='word_1_214' title='bbox 954 2990 1019 3053; x_wconf 84' lang='lat' dir='ltr'>ista</span> <span class='ocrx_word' id='word_1_215' title='bbox 1042 2997 1136 3053; x_wconf 85' lang='lat' dir='ltr'>tanta</span> <span class='ocrx_word' id='word_1_216' title='bbox 1159 3007 1188 3051; x_wconf 80' lang='lat'>15</span> 
     </span>
     <span class='ocr_line' id='line_1_27' title="bbox 96 3085 1188 3178; baseline 0.005 -24"><span class='ocrx_word' id='word_1_217' title='bbox 96 3085 318 3178; x_wconf 55' lang='lat' dir='ltr'>inportunitas⁴</span> <span class='ocrx_word' id='word_1_218' title='bbox 336 3094 482 3158; x_wconf 86' lang='lat' dir='ltr'>inauditi</span> <span class='ocrx_word' id='word_1_219' title='bbox 506 3093 640 3158; x_wconf 88' lang='lat' dir='ltr'>sceleris</span> <span class='ocrx_word' id='word_1_220' title='bbox 662 3093 797 3157; x_wconf 83' lang='lat' dir='ltr'>exarsit.</span> <span class='ocrx_word' id='word_1_221' title='bbox 844 3092 968 3168; x_wconf 71' lang='lat' dir='ltr'>Nolite3</span> <span class='ocrx_word' id='word_1_222' title='bbox 997 3093 1134 3176; x_wconf 70' lang='lat' dir='ltr'>iudices</span> <span class='ocrx_word' id='word_1_223' title='bbox 1148 3099 1188 3160; x_wconf 85' lang='grc'>76</span> 
     </span>
     <span class='ocr_line' id='line_1_28' title="bbox 96 3197 1134 3280; baseline 0.006 -22"><span class='ocrx_word' id='word_1_224' title='bbox 96 3197 238 3263; x_wconf 89' lang='lat' dir='ltr'>arbitrari</span> <span class='ocrx_word' id='word_1_225' title='bbox 262 3198 439 3262; x_wconf 89' lang='lat' dir='ltr'>hominum</span> <span class='ocrx_word' id='word_1_226' title='bbox 462 3199 560 3260; x_wconf 89' lang='lat' dir='ltr'>illum</span> <span class='ocrx_word' id='word_1_227' title='bbox 590 3197 753 3280; x_wconf 89' lang='lat' dir='ltr'>impetum</span> <span class='ocrx_word' id='word_1_228' title='bbox 783 3204 819 3261; x_wconf 91' lang='lat' dir='ltr'>et</span> <span class='ocrx_word' id='word_1_229' title='bbox 848 3205 1005 3261; x_wconf 88' lang='lat' dir='ltr'>conatum</span> <span class='ocrx_word' id='word_1_230' title='bbox 1029 3197 1134 3264; x_wconf 83' lang='lat' dir='ltr'>fuisse</span> 
     </span>
     <span class='ocr_line' id='line_1_29' title="bbox 100 3301 1134 3389; baseline 0.003 -25"><span class='ocrx_word' id='word_1_231' title='bbox 100 3303 325 3388; x_wconf 87' lang='lat' dir='ltr'>(nequeenim</span> <span class='ocrx_word' id='word_1_232' title='bbox 347 3304 418 3366; x_wconf 90' lang='lat' dir='ltr'>ulla</span> <span class='ocrx_word' id='word_1_233' title='bbox 441 3324 523 3389; x_wconf 85' lang='lat' dir='ltr'>gens</span> <span class='ocrx_word' id='word_1_234' title='bbox 547 3308 615 3364; x_wconf 88' lang='lat' dir='ltr'>tarn</span> <span class='ocrx_word' id='word_1_235' title='bbox 637 3301 775 3364; x_wconf 89' lang='lat' dir='ltr'>barbara</span> <span class='ocrx_word' id='word_1_236' title='bbox 797 3309 858 3365; x_wconf 87' lang='lat' dir='ltr'>aut</span> <span class='ocrx_word' id='word_1_237' title='bbox 884 3309 953 3365; x_wconf 88' lang='lat' dir='ltr'>tarn</span> <span class='ocrx_word' id='word_1_238' title='bbox 979 3303 1134 3368; x_wconf 87' lang='lat' dir='ltr'>immanis</span> 
     </span>
     <span class='ocr_line' id='line_1_30' title="bbox 98 3404 1134 3491; baseline 0.004 -24"><span class='ocrx_word' id='word_1_239' title='bbox 98 3425 247 3490; x_wconf 90' lang='lat' dir='ltr'>umquam</span> <span class='ocrx_word' id='word_1_240' title='bbox 273 3406 351 3482; x_wconf 84' lang='lat' dir='ltr'>fuit,</span> <span class='ocrx_word' id='word_1_241' title='bbox 376 3408 411 3469; x_wconf 89' lang='lat' dir='ltr'>in</span> <span class='ocrx_word' id='word_1_242' title='bbox 442 3428 510 3491; x_wconf 91' lang='lat' dir='ltr'>qua</span> <span class='ocrx_word' id='word_1_243' title='bbox 540 3427 608 3469; x_wconf 92' lang='lat' dir='ltr'>non</span> <span class='ocrx_word' id='word_1_244' title='bbox 638 3404 737 3468; x_wconf 91' lang='lat' dir='ltr'>modo</span> <span class='ocrx_word' id='word_1_245' title='bbox 767 3412 829 3482; x_wconf 85' lang='lat' dir='ltr'>tot,</span> <span class='ocrx_word' id='word_1_246' title='bbox 857 3405 916 3470; x_wconf 90' lang='lat' dir='ltr'>sed</span> <span class='ocrx_word' id='word_1_247' title='bbox 946 3427 1035 3471; x_wconf 91' lang='lat' dir='ltr'>unus</span> <span class='ocrx_word' id='word_1_248' title='bbox 1067 3415 1134 3472; x_wconf 89' lang='lat' dir='ltr'>tanr</span> 
     </span>
     <span class='ocr_line' id='line_1_31' title="bbox 97 3503 1189 3594; baseline 0.002 -23"><span class='ocrx_word' id='word_1_249' title='bbox 97 3510 230 3576; x_wconf 88' lang='lat' dir='ltr'>crudelis</span> <span class='ocrx_word' id='word_1_250' title='bbox 254 3511 362 3575; x_wconf 92' lang='lat' dir='ltr'>hostis</span> <span class='ocrx_word' id='word_1_251' title='bbox 386 3503 513 3594; x_wconf 87' lang='lat' dir='ltr'>patriae</span> <span class='ocrx_word' id='word_1_252' title='bbox 539 3511 584 3574; x_wconf 89' lang='lat' dir='ltr'>sit</span> <span class='ocrx_word' id='word_1_253' title='bbox 611 3510 803 3591; x_wconf 80' lang='lat' dir='ltr'>inventus),</span> <span class='ocrx_word' id='word_1_254' title='bbox 826 3508 945 3574; x_wconf 90' lang='lat' dir='ltr'>beluac</span> <span class='ocrx_word' id='word_1_255' title='bbox 973 3511 1136 3594; x_wconf 86' lang='lat' dir='ltr'>quaedam</span> <span class='ocrx_word' id='word_1_256' title='bbox 1159 3529 1189 3574; x_wconf 84' lang='lat'>20</span> 
     </span>
     <span class='ocr_line' id='line_1_32' title="bbox 97 3612 1135 3700; baseline 0.007 -25"><span class='ocrx_word' id='word_1_257' title='bbox 97 3613 165 3679; x_wconf 86' lang='lat' dir='ltr'>illae</span> <span class='ocrx_word' id='word_1_258' title='bbox 188 3637 231 3680; x_wconf 85' lang='lat' dir='ltr'>ex</span> <span class='ocrx_word' id='word_1_259' title='bbox 254 3617 421 3700; x_wconf 91' lang='lat' dir='ltr'>portentis</span> <span class='ocrx_word' id='word_1_260' title='bbox 444 3616 603 3677; x_wconf 86' lang='lat' dir='ltr'>immanes</span> <span class='ocrx_word' id='word_1_261' title='bbox 633 3634 671 3677; x_wconf 89' lang='lat' dir='ltr'>ac</span> <span class='ocrx_word' id='word_1_262' title='bbox 706 3612 796 3677; x_wconf 85' lang='lat' dir='ltr'>ferae</span> <span class='ocrx_word' id='word_1_263' title='bbox 827 3613 933 3677; x_wconf 84' lang='lat' dir='ltr'>forma</span> <span class='ocrx_word' id='word_1_264' title='bbox 962 3615 1135 3682; x_wconf 86' lang='lat' dir='ltr'>homiuum</span> 
     </span>
     <span class='ocr_line' id='line_1_33' title="bbox 98 3717 1134 3803; baseline 0.007 -24"><span class='ocrx_word' id='word_1_265' title='bbox 98 3717 224 3786; x_wconf 88' lang='lat' dir='ltr'>indutae</span> <span class='ocrx_word' id='word_1_266' title='bbox 263 3722 461 3785; x_wconf 87' lang='lat' dir='ltr'>extiterunt.</span> <span class='ocrx_word' id='word_1_267' title='bbox 522 3718 707 3802; x_wconf 89' lang='lat' dir='ltr'>Perspicite</span> <span class='ocrx_word' id='word_1_268' title='bbox 745 3719 846 3782; x_wconf 88' lang='lat' dir='ltr'>etiam</span> <span class='ocrx_word' id='word_1_269' title='bbox 882 3727 984 3803; x_wconf 88' lang='lat' dir='ltr'>atque</span> <span class='ocrx_word' id='word_1_270' title='bbox 1024 3724 1134 3798; x_wconf 88' lang='lat' dir='ltr'>etiarn,</span> 
     </span>
     <span class='ocr_line' id='line_1_34' title="bbox 98 3820 1136 3910; baseline 0.008 -26"><span class='ocrx_word' id='word_1_271' title='bbox 98 3820 224 3902; x_wconf 90' lang='lat' dir='ltr'>iudices,</span> <span class='ocrx_word' id='word_1_272' title='bbox 244 3824 351 3910; x_wconf 90' lang='lat' dir='ltr'>(nihil</span> <span class='ocrx_word' id='word_1_273' title='bbox 366 3825 456 3889; x_wconf 90' lang='lat' dir='ltr'>enim</span> <span class='ocrx_word' id='word_1_274' title='bbox 479 3829 540 3899; x_wconf 87' lang='lat' dir='ltr'>est,</span> <span class='ocrx_word' id='word_1_275' title='bbox 557 3821 648 3908; x_wconf 92' lang='lat' dir='ltr'>quod</span> <span class='ocrx_word' id='word_1_276' title='bbox 670 3822 707 3884; x_wconf 90' lang='lat' dir='ltr'>in</span> <span class='ocrx_word' id='word_1_277' title='bbox 730 3820 791 3886; x_wconf 92' lang='lat' dir='ltr'>hac</span> <span class='ocrx_word' id='word_1_278' title='bbox 815 3843 915 3887; x_wconf 89' lang='lat' dir='ltr'>causa</span> <span class='ocrx_word' id='word_1_279' title='bbox 938 3823 1006 3888; x_wconf 89' lang='lat' dir='ltr'>dici</span> <span class='ocrx_word' id='word_1_280' title='bbox 1029 3828 1136 3910; x_wconf 81' lang='lat' dir='ltr'>possit</span> 
     </span>
    </p>
   </div>
   <div class='ocr_carea' id='block_1_7' title="bbox 0 0 1413 4367">
    <p class='ocr_par' dir='ltr' id='par_1_7' title="bbox 0 0 1413 4367">
     <span class='ocr_line' id='line_1_35' title="bbox 0 0 1413 4367; baseline 0 0"><span class='ocrx_word' id='word_1_281' title='bbox 0 0 1413 4367; x_wconf 95' lang='lat' dir='ltr'> </span> 
     </span>
    </p>
   </div>
  </div>
 </body>
</html>
