2800 4367
409 338 464 390 ar.
487 338 520 402 1,
543 339 558 402 s
580 339 639 403 1a3
659 337 709 401 11,
733 337 748 401 l
772 335 827 388 ra
1135 317 1199 383 1at

98 525 260 610 publicae
292 548 393 593 causa
421 527 682 614 gratulationem
712 525 916 611 exspectavi,
949 543 1052 609 quam
1084 541 1148 608 ego
1170 535 1201 582 ao

100 631 160 695 abs
198 641 235 698 te
270 635 533 717 praetermissam
565 654 637 697 esse
673 631 825 706 arbitror,
859 627 952 716 quod
986 647 1148 702 vererere,

100 757 143 800 ne
167 738 272 801 cuius
293 739 441 800 animum
462 736 666 812 offenderes3
697 735 757 800 sed
779 737 864 800 scito
895 755 944 810 ea,
969 753 1055 818 quae
1088 751 1149 796 nos

101 862 163 924 pro
197 843 310 906 salute
340 843 466 927 patriae
499 843 673 929 gessimus,
696 840 785 905 orbis
808 849 916 904 terrae
951 837 1077 902 iudicio
1110 857 1149 900 ac

103 945 304 1009 testimonio
350 945 564 1031 comprobari,
603 966 700 1030 quae,
748 966 823 1009 cum
865 944 1007 1018 veneris,
1056 951 1151 1006 tanto

102 1050 248 1113 consilio
286 1059 448 1135 tantaque
483 1052 586 1114 animi
625 1049 857 1136 magnitudine
898 1069 918 1112 a
961 1069 1013 1112 me
1056 1057 1152 1132 gesta
1175 1061 1204 1106 at

105 1173 176 1218 esse
208 1175 400 1240 cognosces
430 1162 471 1220 ut
500 1155 563 1219 tibi
587 1154 695 1218 multo
725 1154 852 1228 maiori,
885 1173 986 1237 quam
1023 1148 1152 1214 Africa·

105 1278 169 1321 nus
185 1256 268 1333 fuit,
284 1279 337 1323 me
353 1281 419 1323 non
442 1260 549 1324 multo
573 1261 735 1324 minorem
758 1279 859 1343 quam
884 1257 1035 1321 Laelium
1052 1253 1150 1318 facile

107 1363 194 1425 etin
211 1383 246 1426 re
262 1362 398 1447 publica
412 1365 496 1429 etin
512 1364 659 1430 amicitia
673 1363 870 1427 adiunctum
886 1383 957 1427 esse
975 1360 1112 1446 patiare.

603 1919 650 1983 ΙΙ.

515 2094 573 2151 (An
582 2093 655 2140 Fan.
667 2105 693 2140 r.
705 2094 740 2150 ὅ.)

253 2244 292 2292 Μ.
315 2243 447 2293 CICERO
470 2245 498 2292 S.
522 2245 554 2293 D.
581 2244 611 2291 G.
636 2243 803 2292 ANTONIO
826 2243 864 2289 M.
887 2242 920 2288 F.
944 2241 1021 2288 IMP.

154 2400 230 2467 Etsi
263 2410 447 2468 statueram
470 2404 581 2467 nullas
604 2402 646 2466 ad
679 2410 714 2468 te
747 2403 877 2466 litteras
916 2399 1049 2462 mittere
1088 2395 1193 2458 nisil

117 2506 402 2573 commendaticias
418 2547 462 2556 —
476 2529 544 2571 non
592 2529 659 2592 quo
707 2527 762 2570 eas
806 2504 1030 2589 intelligerem
1074 2499 1156 2563 satis

52 2695 55 2700 Ι
117 2611 201 2693 apud
218 2621 252 2676 te
269 2613 390 2688 valere,
407 2611 523 2677 sedne
547 2613 598 2688 iis,
617 2612 676 2696 qui
699 2631 751 2674 me
776 2615 943 2696 rogarent,
961 2601 1091 2690 aliquid
1114 2600 1156 2666 dc

119 2722 225 2779 nostra
260 2717 497 2782 coniunctione
531 2718 749 2780 imminutum
781 2734 852 2778 esse
886 2709 1158 2783 ostenderem,-

119 2823 234 2896 tamen,
252 2841 329 2885 curn
346 2821 385 2883 T.
401 2820 618 2905 Pomponius,
631 2819 732 2882 horno
748 2818 897 2881 omnium
913 2833 1064 2879 meorum
1078 2811 1111 2874 in
1125 2816 1158 2874 te
1197 2823 1212 2868 t

120 2922 301 2988 studiorum
317 2932 353 2988 et
373 2923 558 2989 officiorum
580 2923 724 2987 maxime
748 2921 913 2994 conscius
930 2917 980 2982 tui
1005 2912 1158 3000 cupidus,

121 3029 218 3091 nostri
234 3029 496 3104 amantissimus,
512 3025 555 3091 ad
571 3036 604 3092 te
628 3025 906 3110 proficisceretur,
923 3016 1054 3104 aliquid
1077 3015 1159 3079 mihi

94 3193 98 3202 ,
122 3130 327 3196 scribendum
342 3133 472 3216 putavi,
489 3131 683 3215 praesertim
696 3149 772 3193 cum
785 3127 885 3191 aliter
897 3124 961 3211 ipsi
974 3119 1160 3206 Pomponio

37 3268 38 3317 3
123 3235 305 3301 satisfacere
329 3257 397 3299 non
421 3257 561 3321 possem.
607 3233 681 3320 Ego
704 3233 732 3296 si
757 3231 814 3294 abs
839 3237 872 3294 te
896 3247 1026 3292 summa
1056 3221 1163 3287 officia
1194 3222 1214 3284 2

37 3352 38 3355 ’
124 3334 309 3416 desiderem,
327 3341 447 3403 mirum
464 3339 589 3404 nemini
606 3336 714 3402 videri
739 3333 879 3406 debeat;
904 3330 1015 3395 omnia
1039 3327 1164 3392 enirna
1187 3337 1215 3384 10

37 3466 38 3553 p
125 3445 217 3506 mein
234 3452 268 3509 te
284 3442 437 3528 profecta
452 3440 542 3518 suirt,
560 3462 647 3525 quae
662 3439 705 3502 ad
722 3446 820 3503 tuum
836 3432 1057 3507 commodum,
1075 3449 1161 3513 quae

37 3562 38 3633 l
126 3543 162 3608 ad
181 3547 349 3625 honorem,
373 3567 459 3631 quae
482 3544 524 3610 ad
547 3545 748 3630 dignitatem
770 3540 994 3624 pertinerent:
1028 3553 1088 3618 pro
1111 3531 1163 3596 his

103 3625 216 3716 'rebus
231 3653 361 3716 nullam
378 3651 460 3714 mihi
487 3648 604 3714 abste
630 3647 770 3712 relatam
797 3664 867 3708 esse
895 3640 1035 3726 gratiam
1062 3644 1099 3700 tu
1128 3653 1163 3699 es

128 3756 263 3836 optimus
279 3757 387 3831 testis,
403 3760 520 3818 contra
535 3753 637 3817 etiam
652 3771 724 3814 esse
747 3744 876 3830 aliquid
899 3743 956 3807 abs
980 3749 1013 3804 te
1038 3736 1165 3824 proiec-

130 3861 192 3921 tum
206 3881 248 3924 ex
263 3859 383 3923 multis
395 3857 511 3923 audivi
523 3881 531 3931 ;
547 3875 625 3918 nam
638 3849 867 3934 “comperisse
882 3846 900 3872 ’'
912 3866 964 3909 me
978 3863 1045 3906 non
1058 3838 1166 3904 audeo
1189 3849 1219 3900 1⁸

37 4010 40 4157 l
