2800 4367
442 340 523 393 cer.
549 342 637 404 rea,
661 342 780 403 §aaa
1134 330 1197 398 299

49 521 155 592 retiis,
175 523 276 580 tam
288 516 374 580 late
390 514 539 580 divisum
554 523 659 599 atque
682 513 871 598 dispersum
888 515 964 599 quis
982 536 1141 600 umquam

51 619 305 685 arbitraretur
340 627 405 683 aut
431 617 474 682 ab
503 618 656 683 omnibus
688 617 943 702 imperatoribus
965 641 1033 699 uno
1056 641 1143 686 auno

53 733 105 786 aut
128 724 332 788 omnibus
362 723 460 788 annis
487 722 530 787 ab
556 743 624 786 uno
652 724 852 806 imperatore
878 722 996 788 confici
1025 727 1145 808 posse?
1166 743 1196 788 34

57 828 168 906 Quam
195 828 439 914 provinciam
463 828 622 892 tenuistis
638 848 659 890 a
674 825 899 911 praedonibus
925 827 1061 892 liberam
1086 852 1144 913 per
1155 832 1196 894 ³2

57 931 153 996 bosce
187 931 351 996 annos?
375 929 468 1015 quod
494 931 641 1016 vectigal
666 929 761 994 vobis
790 937 901 994 tutum
926 929 1018 995 luit?
1041 953 1140 1016 quem

58 1038 192 1099 socium
214 1033 464 1100 defendistis?
488 1036 542 1099 cui
558 1032 723 1118 praesidio
747 1034 909 1098 classibus
927 1036 1047 1100 vestris
1064 1035 1144 1100 luis-

61 1141 121 1202 tis‘?
161 1163 295 1226 quarn
329 1139 456 1202 multas
486 1139 687 1204 existimatis
719 1138 846 1202 insulas
877 1159 949 1202 esse
982 1139 1140 1216 deser-tas,

63 1267 165 1326 quam
188 1245 339 1308 multas
353 1251 415 1306 aut
431 1251 522 1307 metu
534 1244 665 1308 relictas
680 1249 741 1306 aut
756 1264 775 1306 a
788 1241 1010 1326 praedonibus
1028 1253 1141 1328 captas

65 1349 165 1414 nrbes
206 1370 294 1414 esse
326 1348 518 1411 sociorum?
565 1363 630 1410 ΧΗ.
664 1345 730 1410 Sed
762 1345 846 1430 quid
869 1367 931 1432 ego
955 1347 1143 1433 longinqua
1165 1365 1195 1409 40

66 1452 340 1518 commemoro?
385 1451 466 1515 Fuit
481 1451 542 1516 hoo
559 1450 739 1536 quondam,
754 1449 822 1514 fuit
837 1451 1009 1534 proprium
1024 1454 1141 1536 populi

68 1556 240 1632 Romani,
273 1557 376 1641 longe
404 1577 424 1618 a
448 1555 546 1620 domo
577 1555 700 1620 bellare
733 1561 768 1618 et
800 1556 1062 1640 propugnaculis
1086 1557 1143 1619 im-

70 1665 155 1744 perii
198 1661 382 1725 ‘sociorum
421 1659 584 1734 fortunas,
616 1681 683 1722 non
723 1680 784 1722 sua
823 1667 912 1724 tecta
950 1659 1139 1726 defendere.

72 1764 188 1831 Sociis
210 1787 280 1851 ego
298 1765 420 1828 nostris
451 1786 538 1829 mare
556 1787 615 1849 per
643 1765 703 1829 hos
727 1787 832 1828 annos
856 1765 1008 1828 clausum
1037 1765 1141 1831 fuisse
1179 1784 1194 1828 s

73 1871 207 1947 dicam,
226 1892 305 1934 cum
324 1871 493 1934 exercitus
512 1870 614 1935 vestri
632 1891 817 1954 numquam
833 1891 852 1933 a
870 1869 1052 1934 Brundisio
1076 1873 1140 1936 nisi

75 1975 197 2042 hieme
215 1997 350 2040 summa
373 1976 646 2040 transmiserint?
693 1975 761 2055 Qui
790 1975 833 2039 ad
860 1997 919 2039 vos
948 1976 990 2039 ab
1016 1978 1140 2040 exteris

76 2081 285 2146 nationibus
311 2081 475 2156 venirent,
501 2089 615 2165 captos
635 2101 765 2165 querar,
793 2101 870 2145 cum
897 2080 999 2166 legati
1024 2082 1137 2165 populi

79 2187 234 2250 Romani
253 2185 416 2269 redempti
432 2186 526 2249 sint?
575 2185 819 2250 Mercatoribus
837 2193 947 2250 tutum
968 2208 1055 2250 mare
1073 2207 1138 2249 non

79 2290 193 2355 fuisse
226 2288 346 2364 dicam,
383 2311 459 2353 eum
492 2289 669 2354 duodecim
701 2311 834 2354 secures
873 2291 906 2352 in
935 2289 1138 2374 praedonum
1164 2306 1193 2350 10

80 2401 291 2478 potestatem
309 2394 548 2478 pervenerint?
592 2393 739 2457 Cnidum
758 2401 818 2457 aut
834 2393 1062 2478 Colophonem
1080 2397 1191 2457 aut33

81 2499 239 2573 Samum,
265 2497 486 2562 nobilissimas
504 2494 612 2574 urbes
627 2498 957 2582 innumerabilesque
972 2499 1053 2561 alias
1064 2519 1137 2582 cap

83 2615 137 2668 tas
167 2625 241 2668 esse
269 2624 533 2678 commemorem,
551 2625 628 2667 cum
657 2611 786 2667 vestros
815 2610 931 2688 portus
955 2611 1057 2687 atque
1082 2625 1137 2667 eos

85 2715 219 2791 portus
237 2707 360 2791 quibus
378 2708 482 2771 vitam
499 2729 537 2771 ac
555 2708 712 2792 spiritum
728 2707 862 2783 ducitis,
881 2709 915 2771 in
932 2707 1138 2792 praedonum

87 2812 195 2875 fuisse
226 2819 393 2894 potestate
424 2812 564 2876 sciatis?
610 2812 666 2874 An
699 2833 779 2876 vero
811 2813 972 2898 ignoratis
1005 2820 1137 2896 portum
1163 2828 1190 2872 15

90 2915 226 2979 Caietae
249 2916 503 2980 celeberrimum
527 2937 565 2980 ac
590 2917 824 3000 plenissimum
850 2918 987 2980 navium
1011 2918 1138 3002 iuspec-

90 3027 183 3084 tante
200 3028 350 3104 praetore
366 3043 385 3084 a
401 3020 625 3105 praedonibus
648 3042 719 3085 esse
744 3021 924 3105 direptum,
944 3044 986 3086 ex
1005 3022 1136 3087 Miseno

91 3133 203 3188 autem
219 3126 292 3188 eius
318 3127 424 3210 ipsius
452 3125 582 3214 liberos
600 3127 658 3209 qni
687 3147 764 3188 cum
790 3125 1014 3210 praedonibus
1038 3135 1137 3191 antea

92 3229 137 3292 ibi
152 3229 278 3292 bellum
294 3237 451 3315 gesserat,
465 3251 484 3293 a
500 3229 724 3314 praedonibus
742 3252 813 3294 esse
831 3230 1006 3295 sublatos?
1050 3231 1135 3294 Nam

93 3331 173 3417 quid
188 3355 251 3418 ego
264 3332 421 3398 Ostiense
438 3333 684 3397 incommodum
698 3342 800 3418 atque
813 3335 904 3398 illam
917 3335 1023 3400 labem
1035 3343 1136 3419 atque
1160 3349 1189 3393 20

93 3438 304 3522 ignominiam
322 3439 370 3501 rei
387 3437 539 3521 publicae
557 3460 688 3522 querar,
707 3461 782 3503 cum
802 3461 904 3525 prope
922 3439 1136 3524 inspectanti-

94 3540 153 3603 bus
166 3540 259 3605 vobis
275 3542 389 3605 classis
406 3561 454 3618 ea,
468 3543 524 3606 cui
539 3543 659 3606 consul
675 3545 794 3628 populi
812 3545 955 3608 Romani
972 3544 1138 3628 praeposi·

96 3652 148 3708 tus
163 3653 259 3721 esset
273 3666 291 3709 a
304 3645 530 3729 praedonibus
544 3655 643 3731 capta
659 3656 763 3732 atque
775 3669 933 3731 oppressa
946 3648 1021 3712 est?
1069 3648 1135 3711 Pro

98 3747 129 3810 di
142 3748 360 3814 immortales!
385 3759 558 3816 tantamne
578 3753 676 3816 unius
703 3751 846 3816 hominis
874 3751 1079 3816 incredibilis
1095 3773 1132 3815 ac

98 3851 201 3916 divina
217 3855 326 3917 virtus
343 3861 412 3918 tam
429 3856 521 3920 brevi
538 3865 686 3941 tempore
703 3857 813 3921 lucem
838 3855 968 3920 adferre
986 3857 1033 3920 rei
1057 3855 1137 3940 pub
1159 3864 1187 3910 25
