2800 4367
425 355 505 407 cae.
532 357 619 417 asso,
643 357 658 418 s
679 356 767 406 sr-ss.
1113 342 1173 406 131

84 533 196 610 studio,
213 534 352 611 virtute,
369 535 569 598 auctoritate
585 533 787 612 incubuerit¹
798 532 841 596 ad
864 554 932 598 rem
955 531 1124 618 publicam

84 636 347 701 conservandam.

122 758 208 803 xxx.
240 740 308 806 Sed
324 740 433 826 quid?
455 763 528 828 ego,
545 743 604 826 qui
621 741 802 806 Catilinam
819 762 884 804 non
901 740 1046 818 laudavi,
1063 743 1122 826 qui
1134 746 1175 808 83

84 867 133 907 reo
148 843 311 908 Catilinae
328 846 446 909 consul
462 866 530 909 non
546 844 650 921 adfui,
667 844 727 929 qui
744 845 974 909 testimonium
990 844 1031 910 de
1048 867 1121 908 con-

85 949 238 1012 iuratione
263 949 335 1012 dixi
360 950 394 1011 in
417 949 511 1025 alios,
528 949 654 1014 adeone
671 948 764 1014 vobis
787 949 915 1013 alienus
931 970 950 1012 a
965 950 1120 1025 sanitate,

84 1051 160 1115 adeo
185 1051 310 1116 oblitus
338 1054 544 1118 constantiae
572 1075 674 1129 meae,
702 1052 785 1118 adeo
812 1054 985 1118 immemor
1010 1075 1122 1118 rerum

84 1177 162 1219 ame
178 1163 348 1242 gestarum
365 1179 436 1221 esse
453 1156 577 1232 videor,
596 1165 644 1234 ut,
662 1178 739 1221 cum
762 1158 879 1221 consul
903 1157 1028 1221 bellum
1052 1179 1123 1243 ges·
1159 1175 1174 1218 5

83 1260 174 1322 serim
210 1282 286 1323 cum
326 1261 517 1336 coniuratis,
549 1282 640 1325 nunc
678 1282 793 1325 eornm
831 1260 951 1325 ducem
989 1282 1120 1326 servare

84 1364 207 1446 cupiam
233 1372 268 1428 et
296 1366 330 1426 in
358 1365 507 1428 animum
538 1363 705 1442 inducam,
730 1365 826 1428 cuius
858 1386 965 1448 nuper
996 1364 1121 1430 ferrum

83 1467 272 1531 rettuderim
288 1465 521 1552 flammamque
538 1469 761 1543 restinxerim,
776 1467 924 1532 eiusdem
942 1490 1031 1532 nnnc
1048 1489 1122 1532 cau-

83 1591 147 1633 sam
172 1572 344 1656 vitamque
371 1570 578 1637 defendere?
623 1571 657 1637 Si
685 1572 815 1636 medius
843 1571 951 1647 fidius,
983 1571 1120 1649 iudioeS,

83 1696 143 1738 non
161 1698 210 1740 me
227 1677 300 1760 ipsa
314 1698 367 1740 res
383 1676 518 1760 publica
534 1678 616 1741 meis
631 1676 799 1740 laboribus
816 1685 850 1740 et
870 1677 1026 1761 periculis
1050 1698 1124 1740 con·
1146 1691 1175 1738 10

83 1789 206 1844 servata
221 1779 263 1844 ad
279 1781 480 1867 gravitatem
504 1782 606 1845 animi
630 1789 664 1845 et
687 1782 909 1846 constantiam
932 1802 992 1845 sua
1016 1780 1122 1866 digni-

84 1890 146 1947 tate
162 1894 342 1961 revocaret,
360 1893 470 1949 tamen
487 1884 549 1950 hoc
570 1892 690 1948 natura
714 1893 765 1949 est
788 1886 937 1960 insitum,
955 1893 1003 1960 ut,
1020 1906 1121 1969 quem
1218 1887 1220 1892 ’

85 1988 235 2066 timueris,
252 1991 391 2073 quicum
407 1989 449 2054 de
465 1991 536 2054 vita
551 1989 765 2074 fortunisque
787 1989 1007 2064 contenderis,
1025 1990 1121 2054 cuius

84 2113 120 2154 ex
148 2093 277 2158 insidiis
308 2095 462 2170 evaseris,
493 2095 583 2158 hunc
613 2115 743 2179 semper
773 2094 890 2158 oderis.
949 2093 1015 2159 Sed
1045 2115 1122 2158 cum

85 2204 193 2281 agatur
208 2198 315 2263 honos
331 2219 425 2265 meus
441 2200 676 2285 amplissimus,
693 2200 799 2286 gloria
820 2220 930 2264 rerum
953 2207 1123 2285 gestarum
1147 2215 1174 2261 15

85 2301 263 2386 singularia,
289 2324 376 2379 oum,
401 2305 556 2388 quotiens
585 2305 728 2388 quisque
758 2311 810 2368 est
840 2304 873 2366 in
904 2303 967 2367 hoo
997 2303 1121 2368 scelere

85 2407 261 2481 convictus,
279 2408 404 2471 totiens
421 2415 601 2472 renovetur
623 2409 780 2473 memoria
802 2430 861 2492 per
886 2429 936 2472 me
964 2409 1121 2472 inventae

85 2508 201 2586 salutis,
225 2532 289 2597 ego
316 2511 380 2574 sim
406 2517 476 2574 tam
503 2510 648 2586 demens
672 2533 735 2598 ego
766 2513 979 2582 committam,
1004 2519 1043 2575 ut
1073 2533 1121 2587 ea,

86 2633 160 2694 quae
176 2637 235 2699 pro
251 2616 362 2679 salute
381 2617 531 2680 omnium
554 2617 651 2702 gessi,
669 2637 748 2680 casu
772 2617 878 2702 magis
902 2624 936 2680 et
960 2615 1120 2681 felicitate

86 2737 167 2782 ame
191 2740 293 2803 quam
322 2720 448 2784 virtute
476 2727 511 2784 et
535 2720 673 2783 consilio
700 2728 795 2805 gesta
821 2741 893 2784 esse
921 2719 1124 2784 videantur?
1146 2735 1176 2779 ao

87 2819 188 2899 ‘Quid
210 2824 316 2909 ergo?
338 2823 401 2887 hoc
428 2822 490 2888 tibi
518 2823 643 2899 sumis,'
660 2823 751 2888 dicet
775 2823 916 2888 fortasse
945 2824 1120 2908 quispiam,
1135 2827 1174 2888 84

88 2932 148 3000 ‘ut
163 2932 242 3013 quia
258 2936 298 2990 tu
320 2926 483 3002 defendis,
501 2928 660 2991 innocens
684 2927 895 2992 iudicetur?’
944 2928 1016 3013 Ego
1033 2948 1120 3002 vcro,

87 3027 211 3106 iudices,
229 3052 298 3093 non
317 3030 415 3095 modo
439 3031 520 3093 mihi
544 3032 626 3094 nihil
651 3031 799 3106 adsumo,
817 3031 935 3116 inquo
957 3031 1122 3116 quispiam

87 3142 250 3220 repugnet,
268 3134 456 3210 sedetiam,
473 3136 501 3200 si
526 3135 608 3219 quid
631 3135 673 3199 ab
696 3135 848 3200 omnibus
865 3136 1070 3211 conceditur,
1087 3134 1122 3198 id

88 3236 177 3301 reddo
195 3260 233 3302 ac
258 3239 403 3302 remitto.
449 3236 525 3302 Non
543 3239 577 3301 in
594 3260 632 3302 ea
647 3260 681 3302 re
699 3238 834 3322 publica
852 3260 975 3316 versor,
993 3260 1058 3303 non
1082 3240 1123 3302 iis
1146 3251 1175 3294 25

88 3343 281 3426 temporibus
312 3364 423 3407 meum
454 3350 557 3427 caput
586 3342 692 3406 obtuli
724 3364 783 3426 pro
819 3345 927 3427 patria
965 3345 1121 3427 periculis

89 3446 240 3522 omnibus,
257 3468 325 3510 non
349 3453 410 3510 aut
433 3447 480 3509 ita
502 3453 583 3510 sunt
608 3448 762 3521 extincti,
780 3469 864 3531 quos
889 3449 964 3524 vici,
990 3456 1049 3512 aut
1076 3449 1123 3512 ita

89 3552 173 3632 grati,
189 3572 275 3636 quos
301 3551 444 3625 servavi,
470 3557 510 3614 ut
532 3571 594 3636 ego
617 3551 698 3612 mihi
722 3551 799 3634 plus
827 3559 983 3635 appetere
1012 3573 1121 3628 coner,

91 3672 186 3734 qnam·
207 3662 374 3740 quantum
410 3674 525 3718 omnes
560 3654 686 3717 inimici
725 3655 899 3738 invidique
938 3659 1120 3741 patiantur.

93 3754 189 3824 Grave
205 3782 277 3825 esse
295 3760 432 3824 videtur
446 3781 532 3835 eum,
550 3760 607 3842 qui
624 3760 837 3844 investigarit
853 3762 1125 3839 coniurationem,
1137 3767 1175 3828 85

92 3858 140 3938 qui
154 3858 358 3943 patefecerit,
373 3861 431 3945 qui
448 3859 659 3945 oppresserit,
672 3859 727 3922 cui
744 3866 880 3924 senatus
897 3862 1125 3948 singularibus
1148 3873 1176 3920 31
