2800 4367
214 327 277 394 272
421 367 426 371 -
477 339 549 389 rao
568 339 599 389 r.
624 337 746 389 amno
768 338 914 389 uncus
937 337 1085 390 osarro.

264 513 399 597 pissime
422 535 482 598 pro
505 520 564 577 tua
586 513 692 599 gloria
723 511 954 588 contendisse3
978 513 1194 579 tribunatum
1221 535 1337 579 suum
1375 515 1376 578 ]

264 615 308 680 ad
336 617 479 682 salutem
510 639 627 693 meam,
648 601 744 702 'quae
777 617 838 682 tibi
875 617 1044 681 carissima
1074 617 1214 696 fuisset,
1252 641 1338 684 con·
1375 633 1376 664 ³

168 716 170 719 ’
211 737 241 782 so
262 721 346 786 siliis
377 721 445 785 tuis
476 721 718 808 gubernatum3
750 743 785 786 se
816 743 835 786 a
862 729 895 786 te
921 729 1037 807 postea
1067 721 1260 788 defensum
1295 725 1334 787 in

265 826 415 912 periculo
438 826 568 911 capitis,
584 824 738 890 adiutum
762 825 797 888 in
820 827 983 912 petitione
1006 835 1208 910 praeturae3
1238 827 1333 894 duos
1375 839 1376 860 ³

265 951 302 996 se
324 930 444 997 habere
475 951 605 1016 semper
626 930 843 994 amicissimos
874 952 1034 1015 sperasse,
1059 939 1091 996 te
1124 939 1187 996 tuo
1224 931 1334 998 bene-
1375 947 1376 984 l

265 1035 351 1111 ficio,
368 1057 420 1100 me
436 1056 507 1100 suo.
554 1034 649 1114 Quae
665 1035 693 1098 si
710 1055 778 1098 nou
793 1033 957 1119 probaret,
971 1036 999 1098 si
1017 1035 1078 1099 tibi
1101 1036 1149 1102 ita
1173 1038 1330 1122 penitus
1375 1083 1376 1090 κ

265 1138 465 1204 inhaesisset
486 1140 551 1204 ista
572 1139 728 1224 suspicio,
752 1139 847 1202 nullo
871 1146 912 1202 ut
933 1139 1033 1204 evelli
1065 1140 1163 1204 modo
1189 1150 1329 1226 posset,
1375 1175 1376 1198 r

210 1257 241 1302 so
261 1243 290 1308 si
313 1242 458 1328 denique
489 1243 589 1308 Italia
617 1265 637 1307 a
659 1243 796 1320 dilectu,
821 1243 899 1308 urbs
923 1243 964 1308 ab
987 1245 1086 1308 armis
1114 1245 1187 1310 sinc
1221 1246 1329 1309 Milo-

264 1349 317 1411 nis
339 1347 432 1412 clade
463 1369 646 1432 numquam
677 1355 767 1412 esset
796 1349 1026 1432 conquietura,
1051 1370 1092 1413 ne
1124 1350 1190 1413 iste
1228 1349 1327 1413 haud

265 1451 423 1516 dubitans
439 1452 594 1517 cessisset
616 1452 734 1536 patria,
754 1452 782 1515 is
798 1452 857 1535 qui
873 1453 921 1515 ita
937 1459 1036 1517 natus
1053 1460 1156 1518 estet
1171 1455 1226 1517 ita
1244 1475 1325 1518 con·
1375 1487 1376 1498 κ

261 1558 392 1631 suevit;
409 1564 452 1632 te,
467 1555 600 1642 Magne,
612 1563 724 1620 tamen
740 1561 975 1633 antestaretur,
993 1556 1084 1642 quod
1100 1579 1192 1622 nunc
1212 1559 1323 1624 etiam
1375 1617 1376 1622 ,

210 1644 352 1727 oetaeis.
409 1677 514 1724 xxva
546 1659 644 1735 Vide,
676 1681 777 1744 quam
807 1661 853 1724 sit
879 1662 971 1725 varia
1002 1661 1090 1727 vitae
1129 1669 1323 1726 commuta·
1375 1721 1376 1728 ,

262 1765 404 1849 bilisque
420 1765 514 1841 ratio,
531 1785 635 1849 quam
648 1786 734 1850 vaga
749 1764 974 1850 volubilisque
996 1764 1144 1842 fortuna,
1161 1774 1320 1851 quantae
1375 1803 1376 1839 v

261 1869 475 1935 infidelitates
498 1870 532 1932 in
555 1869 721 1945 amicitiis,
744 1891 844 1957 quam
866 1869 909 1934 ad
931 1878 1064 1955 tempus
1088 1879 1184 1957 aptae
1212 1873 1318 1938 simu·
1375 1921 1376 1936 ,

261 1975 412 2050 lationes,
456 1982 601 2058 quantae
643 1974 678 2036 in
720 1974 877 2059 periculis
921 1972 1023 2060 fugae
1065 1977 1313 2060 proximorum,
1375 2015 1376 2051 3

208 2100 223 2143 5
261 2088 405 2163 quantae
430 2078 636 2143 timiditates.
683 2078 768 2155 Erit,
789 2079 853 2143 erit
875 2077 962 2142 illud
987 2078 1137 2163 profecto
1161 2089 1314 2166 tempuS,
1375 2133 1376 2138 ,

264 2192 299 2249 et
330 2184 502 2248 illucescet
531 2183 713 2268 aliquando
744 2183 800 2248 ille
825 2183 905 2261 dies,
930 2206 1006 2248 cum
1030 2193 1068 2248 tu
1091 2185 1311 2262 salutaribus
1375 2257 1376 2261 ,

263 2299 302 2355 ut
324 2314 430 2377 spero,
455 2292 553 2360 rebus
585 2294 662 2371 tuis,
694 2293 753 2358 sed
784 2293 925 2358 fortasse
956 2301 1049 2358 motu
1081 2295 1196 2378 aliquo
1226 2313 1314 2358 com·
1375 2331 1376 2368 3

261 2399 413 2460 munium
436 2406 622 2482 temporum
642 2400 720 2483 (qui
744 2420 847 2484 quam
872 2398 986 2464 crebro
1010 2398 1149 2477 accidat,
1173 2397 1309 2484 experti
1375 2435 1376 2440 κ

261 2503 346 2567 scire
377 2501 556 2584 debemus)
589 2509 624 2566 et
654 2504 845 2568 amicissimi
877 2502 1137 2568 benivolentiam
1168 2511 1206 2568 et
1238 2523 1311 2590 gra·
1375 2551 1376 2558 κ

208 2606 385 2670 levissimi
412 2605 555 2669 hominis
587 2605 685 2670 fidem
717 2615 752 2671 et
782 2608 882 2671 unius
917 2614 994 2692 post
1028 2607 1178 2672 homines
1212 2614 1309 2671 natos

209 2714 248 2776 70
259 2709 431 2774 fortissimi
453 2710 515 2773 viri
540 2709 807 2796 magnitudinem
831 2713 933 2774 animi
957 2710 1135 2777 desideres.
1184 2711 1310 2792 Quam·

262 2835 362 2897 quam
389 2815 465 2898 quis
494 2813 556 2879 hoc
588 2815 710 2891 credat,
735 2814 796 2879 Cn.
821 2815 1031 2900 Pompeium,
1054 2817 1136 2880 iuris
1168 2814 1307 2900 publici,
1375 2821 1376 2890 l

257 2918 356 2983 moris
394 2919 565 2994 maiorum,
597 2920 644 2983 rei
683 2919 828 3004 denique
868 2920 1020 3004 publicae
1057 2921 1306 3006 peritissimum,

262 3045 340 3086 cum
366 3031 501 3087 senatus
533 3025 562 3087 ei
595 3025 809 3101 commiserit,
835 3032 874 3089 ut
902 3024 1042 3100 videret,
1066 3047 1107 3090 ne
1139 3024 1222 3109 quid
1255 3043 1305 3086 res

208 3142 236 3186 15
258 3126 393 3210 publica
423 3126 616 3192 detrimenti
648 3136 790 3213 caperet,
823 3150 890 3213 quo
928 3151 996 3193 uno
1028 3129 1194 3195 versiculo
1225 3127 1305 3193 satis
1375 3129 1376 3162 ³

260 3230 376 3293 armati
407 3252 536 3315 semper
567 3232 721 3297 consules
752 3231 893 3297 fuerunt
931 3234 1032 3297 etiam
1071 3235 1174 3298 nullis
1205 3232 1303 3296 armis
1375 3267 1376 3312 3

259 3334 355 3409 datis,
379 3334 468 3399 huuc
492 3338 654 3412 exercitu,
678 3336 768 3402 hunc
801 3337 927 3402 dilectu
955 3336 1034 3402 dato
1057 3337 1219 3403 iudicium
1251 3357 1303 3399 ex-

258 3446 471 3523 pectaturum
502 3439 606 3504 fuisse
637 3442 672 3502 in
689 3440 690 3443 ’
705 3441 777 3505 eius
814 3443 961 3516 consiliis
992 3443 1213 3519 vindicandis
1245 3438 1300 3524 qui
1375 3487 1376 3490 η

258 3544 293 3608 vi
323 3543 447 3608 iudicia
471 3545 543 3628 ipsa
566 3545 723 3609 tolleret?
771 3544 859 3609 Satis
883 3545 1067 3610 iudicatum
1092 3555 1144 3611 est
1166 3568 1185 3609 a
1209 3546 1300 3610 Pom·
1375 3567 1376 3630 t

205 3662 235 3707 ao
256 3649 341 3733 peio,
364 3649 454 3724 satio,
478 3648 563 3713 falso
587 3649 651 3712 ista
682 3648 827 3713 conferri
853 3650 887 3712 in
913 3649 1084 3723 Milonem,
1113 3650 1171 3734 qui
1195 3651 1298 3735 legem

209 3834 214 3840 1
261 3751 352 3828 tulit,
383 3774 459 3837 qua,
491 3761 531 3816 ut
560 3773 623 3838 ego
653 3753 773 3828 sentio,
806 3752 968 3816 Milonem
1000 3753 1127 3818 absolvi
1159 3775 1178 3817 a
1209 3749 1297 3819 vobis

207 3856 243 3918 71
255 3863 432 3940 oporteret,
464 3864 504 3920 ut
534 3876 648 3920 omnes
682 3857 897 3934 confitentur,
926 3857 1052 3927 liceret.
1100 3857 1200 3942 Quod
1224 3872 1296 3922 vero
1375 3937 1376 3944 ἵ
