2800 4367
487 349 568 401 car.
591 351 665 413 an,
688 351 703 413 6
726 350 813 402 rr-ao.
1154 333 1218 404 185

102 518 433 601 pertimescendum.
480 519 548 584 Sed
563 521 612 584 ita
635 528 697 596 est,
715 520 863 586 iudices:
889 521 948 596 Ut,
964 521 993 584 si
1016 521 1167 608 gladium
1190 539 1219 584 rs

101 642 219 704 parvo
244 645 349 708 puero
372 631 434 688 aut
446 623 477 687 si
500 622 660 688 inbecillo
681 625 756 688 seni
791 631 851 688 aut
885 623 988 688 debili
1021 623 1165 704 dederis,

102 725 179 809 ipse
216 728 348 811 impetu
380 747 443 791 suo
473 727 603 792 nemini
634 734 762 804 noceat,
793 728 846 791 siu
877 726 920 791 ad
951 726 1081 792 nudum
1112 730 1166 794 vel

102 827 294 894 fortissimi
325 832 391 896 viri
421 851 545 916 corpus
576 834 764 908 accesserit,
796 831 905 917 possit
934 832 1005 896 acie
1036 831 1109 916 ipsa
1131 840 1167 898 et

102 931 189 996 ferri
223 933 352 999 viribus
380 935 570 1012 vulnerare,
598 936 658 1011 sic,
675 957 753 1000 cunr
777 934 970 1000 hominibus
998 936 1166 1002 enervatis

101 1043 218 1120 atque
236 1038 467 1126 exsanguibus
494 1039 692 1104 consulatus
721 1046 892 1124 tamquam
917 1039 1053 1126 gladius
1078 1048 1169 1106 esset
1190 1055 1219 1101 ao

104 1139 226 1218 datus,
251 1143 313 1226 qui
335 1165 396 1228 per
418 1165 453 1208 se
477 1164 629 1230 pungere
654 1144 823 1208 neminem
846 1165 1008 1228 umquam
1040 1144 1167 1229 potuis-

102 1254 196 1322 sent,
228 1247 255 1309 ii
285 1249 410 1311 summi
432 1247 563 1333 imperii
594 1248 730 1313 nomine
761 1249 880 1313 armati
910 1247 1070 1312 nudatam
1097 1269 1166 1312 rem

104 1349 285 1433 publicam
323 1351 657 1418 contrucidaverunt.
727 1352 860 1418 Foedus
896 1351 1052 1418 fecerunt
1088 1373 1165 1416 oum

103 1454 253 1519 tribuno
283 1457 329 1541 pl.
362 1457 483 1541 palam,
514 1464 555 1521 ut
584 1456 626 1521 ab
655 1479 696 1523 eo
736 1457 925 1548 provincias
964 1457 1165 1541 acciperent,

106 1579 197 1642 quas
235 1561 301 1645 ipsi
332 1561 471 1638 vellent,
503 1562 691 1626 exercitum
721 1570 757 1628 et
786 1562 974 1647 pecuniam,
1005 1569 1167 1645 quantam
1190 1576 1219 1622 ao

106 1663 256 1741 vellent,
281 1665 430 1752 selega,
453 1666 484 1729 si
516 1666 582 1751 ipsi
615 1667 710 1751 prius
745 1665 882 1731 tribuno
916 1665 961 1750 pl.
996 1662 1166 1729 adflictam

108 1774 144 1830 et
167 1769 390 1833 constrictam
415 1791 484 1834 rem
513 1769 683 1854 publicam
709 1768 939 1834 tradidissent.
985 1767 1027 1832 Id
1053 1775 1166 1833 autem

109 1869 235 1937 loedus
266 1894 341 1938 meo
370 1874 535 1960 sanguine
566 1874 672 1962 ictum
700 1874 824 1939 sanciri
862 1895 958 1960 posse
998 1871 1165 1938 dicebant.

112 1975 192 2055 Qua
225 1999 260 2043 re
293 1977 465 2063 patefacta
502 1980 632 2064 (neque
667 1979 757 2044 enim
790 1977 996 2044 dissimulari
1031 1984 1164 2042 tantum
1179 1975 1218 2038 25

112 2083 225 2148 scelus
253 2091 387 2168 poterat
413 2105 475 2148 nec
501 2084 625 2166 latere)
653 2084 913 2169 promulgantur
943 2103 1010 2148 uno
1038 2081 1168 2150 codem·
1189 2095 1219 2142 ro

112 2207 180 2268 que
198 2196 349 2272 tempore
365 2188 560 2274 rogationes
576 2187 618 2252 ab
641 2186 758 2252 eodem
782 2186 917 2252 tribuno
940 2187 982 2252 de
1006 2209 1080 2253 mea
1095 2209 1168 2273 per-

114 2291 202 2356 nicie
219 2291 312 2356 etde
328 2290 512 2376 provinciis
528 2290 705 2356 consulum
722 2291 939 2356 nominatim

157 2412 212 2458 xr.
259 2395 326 2460 Hic
343 2403 416 2460 tum
432 2402 570 2462 senatus
585 2395 761 2472 sollicitua
775 2417 844 2472 vos,
862 2395 995 2479 equites
1012 2396 1163 2472 Romani,

116 2500 267 2576 excitati,
284 2499 385 2563 Italia
400 2506 526 2564 cuncta
542 2506 702 2583 permota,
720 2520 835 2564 omnes
850 2498 997 2584 denique
1014 2500 1164 2564 omnium

35 2648 36 2651 κ
116 2624 278 2687 generum
302 2610 405 2687 atque
429 2602 585 2667 ordinum
608 2603 700 2668 cives
724 2623 873 2667 summae
897 2602 1121 2687 reipublicae
1145 2624 1164 2667 a

35 2732 36 2739 ¹
118 2706 312 2771 consulibus
344 2714 448 2792 atque
486 2728 506 2770 a
536 2727 667 2770 summo
700 2707 840 2791 imperio
874 2705 1058 2791 petendum
1093 2729 1164 2788 esse
1197 2767 1200 2772 .

35 2866 36 2879 2
118 2812 283 2876 auxilium
313 2810 571 2886 arbitrabantur,
603 2831 679 2874 oum
713 2811 763 2874 illi
793 2810 856 2875 soli
888 2818 1001 2876 essent
1036 2819 1168 2896 praeter
1203 2827 1218 2872 5

120 2912 282 2981 furiosum
311 2916 410 2980 illum
436 2914 610 2979 tribunum
641 2913 709 2978 duo
740 2915 787 2979 rei
817 2914 970 3000 publicae
1002 2914 1163 2991 turbinos,

121 3021 177 3102 qui
202 3042 270 3084 non
297 3019 397 3084 modo
421 3019 659 3104 praecipitanti
686 3019 811 3103 patriae
839 3040 907 3082 non
934 3018 1163 3094 subvenirent,

31 3182 32 3185 ,
121 3123 273 3190 sedeam
295 3124 438 3187 nimium
461 3121 555 3187 tarde
579 3121 754 3187 concidere
778 3130 973 3187 maererent.
1019 3122 1167 3210 Flagita·

33 3240 34 3291 ζ
122 3225 217 3294 batur
244 3228 347 3293 abiis
374 3227 497 3291 cotidie
522 3249 599 3291 cum
626 3227 785 3311 querellis
813 3225 975 3290 bonorum
1005 3229 1164 3304 omnium,

123 3338 192 3396 turn
220 3334 323 3398 etiam
346 3331 503 3416 precibus
526 3337 673 3407 senatus,
698 3338 738 3394 ut
760 3351 867 3394 meam
899 3353 1034 3396 oausam
1065 3333 1168 3398 susci·
1191 3348 1219 3393 10

124 3444 246 3518 parent,
262 3444 404 3522 agerent
418 3434 558 3521 aliquid,
576 3434 723 3518 denique
739 3433 781 3498 ad
803 3441 959 3500 senatum
982 3435 1165 3512 referrent;

124 3559 186 3604 non
209 3540 310 3604 modo
333 3539 497 3626 negando,
514 3539 573 3604 sed
596 3540 697 3603 etiam
722 3539 898 3604 inridendo
922 3541 1164 3625 amplissimum

126 3663 289 3728 quemque
307 3645 400 3709 illius
416 3643 543 3708 ordinis
560 3642 834 3727 insequebantur.
883 3643 947 3707 Hic
960 3645 1072 3709 subito
1086 3667 1162 3710 oum
1178 3644 1218 3705 26

97 3746 325 3814 ‘incredibilis
364 3749 399 3810 in
439 3748 647 3832 Capitolium
679 3747 863 3811 multitudo
898 3769 940 3811 ex
976 3756 1047 3812 tota
1082 3749 1162 3814 urbe

127 3860 310 3938 cunctaque
327 3852 427 3917 Italia
442 3853 664 3927 convenisset,
681 3857 811 3916 vestem
832 3850 1028 3915 mutandam
1052 3875 1167 3918 ornnes
1190 3867 1219 3914 15
