2800 4367
171 369 234 436 246
433 383 506 435 rso
528 383 559 434 r.
584 381 705 435 armo
728 381 873 435 11110111
895 380 1044 434 omno.

190 553 310 622 3diriis
340 557 541 621 auctoritate
567 555 700 641 publiea
725 576 859 620 armare.
909 554 1020 633 Quem
1048 552 1181 618 obrem
1211 553 1272 618 illa

182 732 184 735 ,
222 683 323 738 arma,
349 660 573 735 centuriones,
596 659 749 724 cohortes
774 679 842 723 non
866 658 1054 744 periculum
1079 657 1185 734 nobis,
1210 656 1271 722 sed

222 764 427 851 praesidium
457 762 670 840 denuntiant,
701 783 812 848 neque
842 763 950 827 solum
984 769 1023 827 ut
1053 762 1179 847 quieto,
1210 760 1272 826 sed
1345 809 1346 818 ,

169 871 323 936 suetiam
354 875 394 932 ut
418 888 540 953 magno
565 868 677 930 animo
705 868 809 932 simus
836 866 1015 932 hortantur
1040 888 1150 952 neque
1177 868 1273 930 auxi·
1345 889 1346 894 ¹

221 975 306 1037 lium
332 971 430 1037 modo
460 971 649 1036 defensioni
681 992 784 1047 meae,
816 991 935 1036 verum
965 971 1066 1035 etiam
1095 970 1272 1035 silentium

222 1078 435 1163 pollicentur.
481 1075 627 1160 Reliqua
644 1096 724 1140 vero
741 1073 936 1151 multitudo,
954 1096 1038 1159 quae
1058 1073 1195 1159 quidem
1218 1080 1272 1138 cst
1345 1137 1346 1142 ,

222 1182 359 1257 civium,
376 1188 448 1245 tota
472 1185 587 1244 nostra
613 1185 808 1264 estusque
832 1200 948 1243 eorum
974 1179 1163 1263 quisquam,
1184 1199 1270 1263 quos
1346 1211 1347 1248 3

225 1285 375 1370 undique
392 1285 566 1359 intuentis,
583 1282 672 1347 unde
698 1283 813 1368 aliqua
837 1281 902 1346 1011
923 1304 998 1368 pars
1022 1283 1125 1366 aspici
1146 1289 1271 1367 potest,

169 1406 200 1452 so
221 1397 256 1455 et
278 1390 378 1452 huius
406 1389 538 1453 exitum
565 1385 682 1450 iudicii
709 1387 921 1471 expectantis
944 1385 1078 1463 uidetis,
1103 1408 1169 1449 non
1193 1408 1272 1451 011111
1346 1439 1347 1446 ,

225 1494 346 1559 virtuti
385 1492 522 1554 Milonis
558 1490 661 1566 favet,
693 1497 768 1554 tum
805 1489 847 1554 de
881 1511 927 1565 se,
966 1489 1008 1555 de
1046 1489 1158 1555 liberis
1189 1492 1271 1567 suis,

223 1598 264 1662 de
294 1599 411 1683 patria,
436 1597 478 1661 de
511 1595 656 1660 fortunis
689 1594 849 1660 hodierno
879 1594 933 1659 die
964 1594 1127 1660 decertari
1161 1604 1271 1680 putat.

223 1719 262 1765 11.
285 1702 400 1766 Unum
410 1709 518 1787 genus
529 1707 581 1765 est
596 1699 775 1764 adversum
789 1698 1017 1785 infestumque
1034 1699 1128 1764 nobis
1144 1721 1271 1776 eornm,
1347 1757 1348 1766 ,

226 1827 309 1891 quos
341 1805 379 1868 P.
413 1803 511 1868 Clodi
536 1803 631 1868 furor
653 1804 779 1888 rapinis
803 1810 838 1868 et
868 1802 1032 1868 incendiis
1056 1810 1091 1868 et
1117 1803 1272 1868 omnibus

226 1911 338 1974 exitiis
355 1908 497 1994 publicis
517 1909 629 1992 pavit;
657 1909 717 1992 qui
740 1908 896 1972 hesterna
919 1908 1019 1972 etiam
1043 1908 1198 1972 contione
1225 1909 1274 1970 in-

223 2014 318 2078 citati
343 2019 433 2087 sunt,
458 2020 498 2075 ut
521 2011 614 2076 vobis
640 2033 722 2077 voce
753 2013 929 2096 praeirent,
958 2011 1041 2097 quid
1068 2011 1272 2076 iudicaretis.

170 2135 186 2179 c
223 2115 375 2196 Quorum
387 2116 511 2180 clamor
526 2116 553 2179 si
567 2116 626 2201 qui
642 2114 729 2180 forte
742 2114 856 2192 fuerit,
869 2115 1045 2180 admonere
1058 2136 1116 2180 vos
1127 2113 1272 2192 debebit,
1348 2197 1349 2202 ἵ

224 2230 263 2285 ut
289 2244 366 2286 eum
393 2222 501 2286 civem
532 2221 716 2296 retineatis,
737 2220 797 2304 qui
821 2241 952 2306 semper
973 2241 1079 2306 genus
1108 2219 1193 2283 illud
1218 2219 1274 2284 ho

227 2328 354 2390 minum
385 2327 611 2411 clamoresque
635 2325 798 2389 maximos
821 2345 898 2409 prae
923 2331 1037 2390 vestra
1059 2324 1167 2388 salute
1194 2345 1274 2411 neg·
1348 2407 1349 2410 Ἴ

182 2434 202 2494 4
225 2433 318 2496 lexit.
358 2432 469 2512 Quam
485 2431 527 2496 ob
543 2452 611 2495 rem
627 2429 741 2495 adeste
758 2430 888 2506 animis,
903 2429 1039 2506 iudices
1056 2436 1092 2493 et
1107 2429 1271 2504 timorem,

226 2539 372 2622 siquem
392 2536 530 2612 habetis,
548 2535 717 2620 deponite.
764 2535 859 2611 Nam,
875 2536 903 2600 si
926 2553 1088 2620 nmquam
1111 2533 1152 2598 de
1175 2533 1272 2598 bonis

174 2657 201 2702 10
223 2648 259 2706 et
285 2640 428 2705 fortibus
457 2642 548 2716 viriS,
568 2641 596 2703 si
624 2661 786 2724 umquam
809 2639 850 2704 de
873 2639 957 2704 bene
986 2639 1114 2703 meritis
1139 2638 1271 2704 civibus

226 2752 375 2831 potestas
392 2744 485 2809 vobis
502 2743 671 2808 iudicandi
688 2743 764 2820 fuit,
781 2745 809 2808 si
826 2743 970 2828 denique
994 2763 1154 2827 umquam
1177 2743 1270 2808 locus

225 2850 504 2934 amplissimorum
540 2848 694 2913 ordinum
728 2848 866 2914 delectis
899 2848 978 2911 viris
1010 2845 1108 2911 datus
1139 2854 1199 2924 est,
1233 2855 1273 2912 ut

225 2975 286 3018 sua
316 2953 429 3018 studia
459 2973 538 3040 erga
568 2952 664 3018 fortis
691 2960 726 3018 et
751 2952 856 3017 bonos
885 2951 978 3024 civis,
1002 2971 1088 3035 quae
1112 2951 1211 3015 vultu
1238 2958 1272 3016 et

226 3058 336 3124 verbis
352 3080 450 3143 saepe
467 3057 724 3145 significassent,
743 3078 776 3120 re
794 3063 829 3120 et
851 3055 1028 3124 sententiis
1053 3054 1269 3131 declararent,

174 3178 203 3223 15
225 3163 286 3227 hoc
327 3161 478 3248 profecto
516 3169 664 3245 tempore
696 3182 769 3224 eam
805 3165 1008 3244 potestatem
1042 3181 1173 3224 omnem
1211 3181 1270 3224 vos

228 3265 370 3359 1111110115,
395 3273 436 3330 nt
461 3265 629 3341 statuatis,
659 3271 774 3328 utrum
801 3286 872 3340 nos,
901 3265 960 3349 qni
985 3284 1115 3347 semper
1142 3269 1269 3327 vestrae

230 3370 423 3435 auctoritati
451 3368 557 3435 dediti
580 3367 719 3445 fuimus,
743 3390 874 3454 semper
896 3368 1008 3433 miseri
1031 3367 1206 3454 lugeamus
1228 3389 1270 3431 an

230 3474 289 3538 diu
316 3475 430 3540 vexati
458 3496 477 3537 a
503 3472 738 3559 perditissimis
768 3472 898 3537 civibus
926 3471 1107 3557 aliquando
1131 3493 1270 3557 parvos

177 3590 205 3635 19
226 3600 264 3643 ae
295 3601 356 3664 per
380 3585 526 3643 vestram
553 3577 662 3654 fidem,
688 3578 850 3642 virtutem
871 3577 1138 3661 sapientiamque
1170 3598 1272 3641 recre-

198 3687 334 3748 5emur.
381 3681 473 3761 Quid
500 3682 588 3746 enim
613 3680 708 3745 nobis
736 3679 877 3756 duobus,
902 3680 1039 3758 iudices
1063 3681 1268 3756 laboriosius,

230 3786 313 3872 quid
340 3787 445 3872 magis
466 3786 658 3860 sollicitum,
676 3785 782 3871 magis
808 3784 996 3848 exercitum
1019 3784 1085 3849 dici
1108 3792 1169 3850 aut
1190 3783 1270 3871 fingi

232 3897 354 3975 potest,
386 3889 445 3975 qni
475 3910 533 3973 spe
564 3887 847 3973 amplissimorum
876 3889 1099 3972 praemiorum
1130 3888 1173 3954 ad
1202 3909 1269 3955 rem
