2800 4367
515 372 595 423 cnr.
621 372 708 433 11-13,
733 369 851 433 11111.
1183 374 1187 382 ·
1212 356 1252 421 13

153 567 220 609 non
237 543 376 611 videant
391 553 452 609 ant
467 566 514 621 ea,
533 564 618 628 quae
635 542 763 619 vident,
779 541 994 606 dissimulent
1004 566 1012 617 ;
1033 542 1091 626 qui
1108 562 1201 624 spem
1226 562 1253 605 111

155 649 319 717 Catilinae
336 648 492 713 mollibus
509 648 685 712 sententiis
699 647 858 710 aluerunt
870 646 1201 729 coniurationemque

154 761 346 819 nascentem
386 772 454 815 non
494 749 659 816 credendo
701 750 1019 824 corroboraverunt3
1058 770 1201 834 quorum

153 858 352 923 auctoritate
384 856 484 920 multi
515 877 582 921 non
612 856 723 919 solum
754 854 907 939 improbi,
940 875 1059 919 verum
1101 854 1202 917 etiarn

154 963 300 1047 inperiti,
317 962 346 1027 si
362 962 397 1024 in
413 961 504 1024 huuc
521 958 843 1046 animadvertissem,
861 958 1045 1023 crudeliter
1061 966 1096 1023 et
1111 959 1201 1044 regie

154 1066 282 1132 factum
308 1088 380 1132 1111
409 1065 569 1131 dicerent.
616 1064 717 1128 Nunc
733 1064 905 1149 intellego,
922 1064 951 1127 si
974 1064 1048 1139 iste,
1065 1084 1132 1148 quo
1156 1064 1203 1125 in·
1225 1076 1254 1121 ae

105 1218 108 1223 ι
155 1170 274 1248 tendit,
298 1171 333 1233 in
365 1170 536 1247 Manliana
567 1177 676 1234 castra
707 1168 908 1254 pervenerit,
933 1167 1101 1231 neminem
1133 1173 1202 1230 tam

154 1276 299 1340 stultum
315 1273 395 1349 fore,
413 1275 473 1359 qui
490 1295 556 1337 non
574 1271 689 1337 videat
704 1272 968 1336 coniurationem
985 1293 1056 1336 esse
1079 1270 1202 1336 factam

154 1379 321 1442 neminem
337 1385 406 1441 tam
423 1377 621 1462 improbum,
636 1377 696 1462 qui
713 1397 780 1440 non
794 1375 951 1440 fateatur.
999 1374 1072 1440 Hoc
1089 1382 1201 1439 autem

155 1504 222 1546 uno
234 1481 413 1547 interfecto
426 1481 587 1568 intellego
601 1481 686 1545 banc
703 1481 751 1544 rei
766 1479 921 1564 publicae
937 1486 1066 1564 pestem
1082 1480 1204 1563 paulis·

154 1608 214 1671 per
224 1587 368 1672 reprimi,
382 1607 449 1649 non
465 1587 500 1648 in
516 1592 718 1669 perpetuum
734 1584 907 1669 comprimi
923 1605 1031 1667 posse.
1071 1582 1202 1662 Quodsi
1225 1604 1254 1650 11

153 1713 188 1755 11
220 1691 354 1756 eiecerit
379 1711 562 1774 secumque
587 1710 667 1753 suos
692 1688 851 1753 eduxerit
875 1695 910 1752 11
935 1686 1051 1752 eodem
1074 1694 1201 1752 ceteros

153 1794 303 1879 undique
335 1794 493 1858 collectos
532 1793 713 1879 naufragos
748 1793 949 1878 adgregarit,
981 1793 1204 1878 extinguetur

101 1899 104 1904 ’
153 1907 255 1984 atque
272 1897 440 1963 delebitur
455 1919 521 1962 non
539 1896 637 1961 modo
662 1896 743 1962 haec
760 1904 828 1960 tam
845 1895 963 1961 adulta
978 1897 1026 1960 rei
1047 1896 1202 1981 publicae

154 2004 268 2087 pestis,
285 2024 403 2067 verum
419 2004 520 2067 etiam
535 2002 637 2086 stirps
658 2023 696 2065 ac
718 2022 831 2066 semen
855 2001 1019 2065 malorum
1043 2002 1201 2064 omnium.

154 2124 235 2170 x111.
267 2107 403 2171 Etenim
431 2108 496 2170 iam
524 2105 594 2182 diu,
621 2113 732 2191 patres
755 2106 946 2190 conscripti,
979 2106 1014 2169 in
1038 2105 1089 2169 his
1122 2107 1253 2190 peri-31

154 2212 238 2275 culis
274 2211 514 2275 coniurationis
551 2209 750 2295 insidiisque
787 2231 969 2286 versamur,
1001 2208 1061 2273 sed
1091 2210 1202 2273 nescio

154 2336 222 2399 quo
260 2323 358 2397 pacto
390 2314 538 2377 omnium
573 2315 737 2379 scelerum
775 2336 814 2379 ac
844 2315 968 2379 veteris
1007 2313 1131 2378 furoris
1169 2323 1204 2379 11

153 2418 311 2482 audaciae
328 2417 504 2483 maturitas
524 2419 559 2480 in
582 2420 688 2483 nostri
714 2418 909 2483 consulatus
926 2426 1059 2503 tempus
1084 2420 1204 2503 erupit.

154 2520 286 2602 Quodsi
316 2544 359 2586 ex
390 2529 486 2585 tanto
516 2522 691 2586 latrocinio
723 2524 786 2587 iste
817 2544 906 2587 unns
937 2523 1086 2599 tolletur,
1114 2522 1232 2588 vide-5

152 2625 264 2690 bimur
294 2625 435 2691 fortasse
466 2625 509 2689 ad
539 2625 639 2691 breve
672 2626 842 2711 quoddam
879 2634 1013 2711 tempus
1051 2648 1131 2691 cura
1168 2635 1203 2691 et

154 2738 247 2795 metu
269 2752 340 2795 esse
365 2730 516 2807 relevati,
542 2730 729 2815 periculum
757 2738 871 2795 autem
896 2730 1055 2796 residebit
1080 2732 1203 2795 eterit

153 2834 322 2898 inclusum
348 2834 483 2917 penitus
510 2835 546 2897 in
565 2835 660 2899 venis
685 2844 788 2919 atque
813 2836 848 2897 in
865 2836 1047 2900 visceribus
1071 2836 1119 2900 rei
1144 2858 1203 2920 pn-

154 2937 269 3002 blicae.
332 2937 382 3003 Ut
410 2960 509 3023 saepe
541 2938 692 3003 homines
725 2939 817 3025 aegri
851 2939 965 3005 morbo
995 2940 1089 3026 gravi
1126 2962 1202 3004 cum
1238 2936 1242 2944 ’

153 3049 249 3106 aestu
274 3040 426 3127 febrique
451 3043 628 3119 iactantur,
654 3044 682 3107 si
713 3065 835 3128 aquam
865 3043 1008 3129 gelidam
1035 3043 1202 3128 biberunt,
1226 3057 1254 3101 10

154 3147 260 3230 primo
290 3146 431 3210 relevari
457 3146 627 3223 videntur,
653 3146 774 3211 deinde
806 3147 913 3210 multo
943 3148 1079 3233 gravius
1106 3132 1204 3214 vehe-

114 3284 120 3294 ·
154 3252 369 3334 mentiusque
392 3249 619 3325 adflictantur,
637 3251 684 3315 sic
705 3251 760 3316 hic
785 3250 930 3328 morbus,
948 3253 1008 3336 qui
1033 3253 1141 3316 estin
1166 3276 1201 3317 11

154 3353 298 3437 publica,
323 3354 494 3419 relevatus
526 3354 625 3419 istius
657 3376 765 3439 poena
796 3354 1031 3420 vehementius
1062 3356 1201 3441 reliquis

155 3459 242 3522 vivis
267 3458 487 3544 ingravescet.
535 3457 646 3537 Quare
674 3458 835 3524 secedant
858 3459 1000 3545 inprobi,
1026 3465 1253 3527 11111111132

155 3584 189 3626 11
214 3583 234 3625 a
258 3561 362 3639 bonis,
380 3583 487 3626 unum
511 3562 681 3628 inlocum
707 3572 965 3650 congregentur,
991 3585 1087 3627 muro
1113 3564 1202 3629 deni·
1225 3580 1253 3624 11

155 3687 232 3751 que,
272 3666 364 3752 quod
401 3690 498 3753 saepe
537 3668 603 3731 iam
641 3668 724 3744 dixi,
763 3676 982 3732 secernantur
1020 3690 1039 3731 a
1086 3668 1200 3744 nobis;

155 3770 312 3834 desinant
337 3770 488 3835 insidiari
516 3771 605 3835 domi
633 3794 713 3835 suae
738 3773 878 3848 consuli,
906 3773 1121 3835 circumstare
1144 3775 1201 3837 tri-

155 3873 259 3937 bunal
288 3875 450 3958 praetoris
482 3875 611 3951 urbani,
638 3874 789 3941 obsidere
816 3898 894 3941 cum
918 3875 1038 3963 gladiis
1064 3877 1199 3955 curiam,
