<?xml version="1.0" encoding="UTF-8"?>
<!DOCTYPE html PUBLIC "-//W3C//DTD XHTML 1.0 Transitional//EN"
    "http://www.w3.org/TR/xhtml1/DTD/xhtml1-transitional.dtd">
<html xmlns="http://www.w3.org/1999/xhtml" xml:lang="en" lang="en">
 <head>
  <title>
</title>
<meta http-equiv="Content-Type" content="text/html;charset=utf-8" />
  <meta name='ocr-system' content='tesseract 3.04.00' />
  <meta name='ocr-capabilities' content='ocr_page ocr_carea ocr_par ocr_line ocrx_word'/>
</head>
<body>
  <div class='ocr_page' id='page_1' title='image "./selectedoration01cicegoog_0150.png"; bbox 0 0 2800 4367; ppageno 0'>
   <div class='ocr_carea' id='block_1_1' title="bbox 194 357 963 422">
    <p class='ocr_par' dir='ltr' id='par_1_1' title="bbox 194 357 963 422">
     <span class='ocr_line' id='line_1_1' title="bbox 194 357 963 422; baseline -0.004 0"><span class='ocrx_word' id='word_1_1' title='bbox 194 357 259 422; x_wconf 73' lang='lat'>148</span> <span class='ocrx_word' id='word_1_2' title='bbox 536 371 743 422; x_wconf 77' lang='lat' dir='ltr'>amsronnn</span> <span class='ocrx_word' id='word_1_3' title='bbox 766 369 963 420; x_wconf 74' lang='lat' dir='ltr'>sanacrnn</span> 
     </span>
    </p>
   </div>
   <div class='ocr_carea' id='block_1_2' title="bbox 246 539 1372 629">
    <p class='ocr_par' dir='ltr' id='par_1_2' title="bbox 246 539 1372 629">
     <span class='ocr_line' id='line_1_2' title="bbox 246 539 1372 629; baseline -0.004 -23"><span class='ocrx_word' id='word_1_4' title='bbox 246 541 327 607; x_wconf 90' lang='lat' dir='ltr'>haec</span> <span class='ocrx_word' id='word_1_5' title='bbox 359 542 530 629; x_wconf 83' lang='lat' dir='ltr'>fugienda,</span> <span class='ocrx_word' id='word_1_6' title='bbox 558 563 627 627; x_wconf 90' lang='lat' dir='ltr'>quo</span> <span class='ocrx_word' id='word_1_7' title='bbox 653 551 686 606; x_wconf 86' lang='lat' dir='ltr'>te</span> <span class='ocrx_word' id='word_1_8' title='bbox 721 563 813 618; x_wconf 92' lang='lat' dir='ltr'>voco,</span> <span class='ocrx_word' id='word_1_9' title='bbox 842 549 953 604; x_wconf 88' lang='lat' dir='ltr'>tamen</span> <span class='ocrx_word' id='word_1_10' title='bbox 984 539 1048 616; x_wconf 84' lang='lat' dir='ltr'>fac,</span> <span class='ocrx_word' id='word_1_11' title='bbox 1079 545 1115 602; x_wconf 83' lang='lat' dir='ltr'>ut</span> <span class='ocrx_word' id='word_1_12' title='bbox 1142 559 1286 604; x_wconf 87' lang='lat' dir='ltr'>amorem</span> <span class='ocrx_word' id='word_1_13' title='bbox 1370 559 1372 562; x_wconf 88' lang='lat'>·</span> 
     </span>
    </p>
   </div>
   <div class='ocr_carea' id='block_1_3' title="bbox 246 643 1286 826">
    <p class='ocr_par' dir='ltr' id='par_1_3' title="bbox 246 643 1286 826">
     <span class='ocr_line' id='line_1_3' title="bbox 246 643 1286 727; baseline -0.006 -15"><span class='ocrx_word' id='word_1_14' title='bbox 246 655 399 712; x_wconf 88' lang='lat' dir='ltr'>nostrum</span> <span class='ocrx_word' id='word_1_15' title='bbox 415 647 501 711; x_wconf 87' lang='lat' dir='ltr'>tanti</span> <span class='ocrx_word' id='word_1_16' title='bbox 515 647 681 722; x_wconf 76' lang='lat' dir='ltr'>aestimes,</span> <span class='ocrx_word' id='word_1_17' title='bbox 699 653 792 711; x_wconf 88' lang='lat' dir='ltr'>uteo</span> <span class='ocrx_word' id='word_1_18' title='bbox 809 645 863 710; x_wconf 91' lang='lat' dir='ltr'>vel</span> <span class='ocrx_word' id='word_1_19' title='bbox 879 643 1024 709; x_wconf 88' lang='lat' dir='ltr'>cumbis</span> <span class='ocrx_word' id='word_1_20' title='bbox 1041 643 1200 708; x_wconf 87' lang='lat' dir='ltr'>molestiis</span> <span class='ocrx_word' id='word_1_21' title='bbox 1221 664 1286 727; x_wconf 90' lang='lat' dir='ltr'>per-</span> 
     </span>
     <span class='ocr_line' id='line_1_4' title="bbox 248 745 1286 826; baseline -0.007 -10"><span class='ocrx_word' id='word_1_22' title='bbox 248 751 317 816; x_wconf 82' lang='lat' dir='ltr'>frui</span> <span class='ocrx_word' id='word_1_23' title='bbox 333 751 435 825; x_wconf 82' lang='lat' dir='ltr'>velia3</span> <span class='ocrx_word' id='word_1_24' title='bbox 459 771 547 826; x_wconf 90' lang='lat' dir='ltr'>nam,</span> <span class='ocrx_word' id='word_1_25' title='bbox 565 772 606 815; x_wconf 90' lang='lat' dir='ltr'>ne</span> <span class='ocrx_word' id='word_1_26' title='bbox 622 749 742 815; x_wconf 82' lang='lat' dir='ltr'>absens</span> <span class='ocrx_word' id='word_1_27' title='bbox 765 769 929 826; x_wconf 82' lang='lat' dir='ltr'>censeare,</span> <span class='ocrx_word' id='word_1_28' title='bbox 947 747 1070 813; x_wconf 88' lang='lat' dir='ltr'>curabo</span> <span class='ocrx_word' id='word_1_29' title='bbox 1092 745 1286 812; x_wconf 90' lang='lat' dir='ltr'>edicendum</span> 
     </span>
    </p>
   </div>
   <div class='ocr_carea' id='block_1_4' title="bbox 192 853 1371 942">
    <p class='ocr_par' dir='ltr' id='par_1_4' title="bbox 192 853 1371 942">
     <span class='ocr_line' id='line_1_5' title="bbox 192 853 1371 942; baseline -0.009 -19"><span class='ocrx_word' id='word_1_30' title='bbox 192 868 222 914; x_wconf 79' lang='lat'>8⁵</span> <span class='ocrx_word' id='word_1_31' title='bbox 244 866 280 922; x_wconf 88' lang='lat' dir='ltr'>et</span> <span class='ocrx_word' id='word_1_32' title='bbox 294 854 548 942; x_wconf 89' lang='lat' dir='ltr'>proponendum</span> <span class='ocrx_word' id='word_1_33' title='bbox 564 855 645 920; x_wconf 88' lang='lat' dir='ltr'>locis</span> <span class='ocrx_word' id='word_1_34' title='bbox 661 854 825 930; x_wconf 86' lang='lat' dir='ltr'>omnibus,</span> <span class='ocrx_word' id='word_1_35' title='bbox 842 853 906 919; x_wconf 90' lang='lat' dir='ltr'>sub</span> <span class='ocrx_word' id='word_1_36' title='bbox 929 855 1075 918; x_wconf 87' lang='lat' dir='ltr'>lustrum</span> <span class='ocrx_word' id='word_1_37' title='bbox 1090 860 1203 918; x_wconf 84' lang='lat' dir='ltr'>autem</span> <span class='ocrx_word' id='word_1_38' title='bbox 1220 873 1289 916; x_wconf 90' lang='lat' dir='ltr'>cen·</span> <span class='ocrx_word' id='word_1_39' title='bbox 1370 892 1371 913; x_wconf 69' lang='lat'>.</span> 
     </span>
    </p>
   </div>
   <div class='ocr_carea' id='block_1_5' title="bbox 246 920 1372 1150">
    <p class='ocr_par' dir='ltr' id='par_1_5' title="bbox 246 920 1372 1150">
     <span class='ocr_line' id='line_1_6' title="bbox 246 920 1371 1048; baseline -0.007 -22"><span class='ocrx_word' id='word_1_40' title='bbox 246 963 310 1026; x_wconf 90' lang='lat' dir='ltr'>seri</span> <span class='ocrx_word' id='word_1_41' title='bbox 326 962 476 1048; x_wconf 91' lang='lat' dir='ltr'>germani</span> <span class='ocrx_word' id='word_1_42' title='bbox 500 960 718 1045; x_wconf 73' lang='lat' dir='ltr'>negotiatoris</span> <span class='ocrx_word' id='word_1_43' title='bbox 735 967 795 1023; x_wconf 87' lang='lat' dir='ltr'>est.</span> <span class='ocrx_word' id='word_1_44' title='bbox 843 957 955 1037; x_wconf 81' lang='lat' dir='ltr'>Quare</span> <span class='ocrx_word' id='word_1_45' title='bbox 972 979 1062 1034; x_wconf 89' lang='lat' dir='ltr'>cura,</span> <span class='ocrx_word' id='word_1_46' title='bbox 1080 965 1119 1021; x_wconf 89' lang='lat' dir='ltr'>ut</span> <span class='ocrx_word' id='word_1_47' title='bbox 1133 965 1165 1021; x_wconf 87' lang='lat' dir='ltr'>te</span> <span class='ocrx_word' id='word_1_48' title='bbox 1191 977 1291 1040; x_wconf 92' lang='lat' dir='ltr'>quam</span> <span class='ocrx_word' id='word_1_49' title='bbox 1365 920 1371 989; x_wconf 69' lang='lat' dir='ltr'>l</span> 
     </span>
     <span class='ocr_line' id='line_1_7' title="bbox 246 1022 1372 1150; baseline -0.005 -22"><span class='ocrx_word' id='word_1_50' title='bbox 246 1067 391 1150; x_wconf 88' lang='lat' dir='ltr'>primum</span> <span class='ocrx_word' id='word_1_51' title='bbox 407 1063 591 1130; x_wconf 87' lang='lat' dir='ltr'>videamus.</span> <span class='ocrx_word' id='word_1_52' title='bbox 637 1062 735 1128; x_wconf 85' lang='lat' dir='ltr'>Vale.</span> <span class='ocrx_word' id='word_1_53' title='bbox 753 1079 803 1126; x_wconf 70' lang='lat' dir='ltr'>xl.</span> <span class='ocrx_word' id='word_1_54' title='bbox 822 1061 897 1127; x_wconf 84' lang='lat' dir='ltr'>Kal.</span> <span class='ocrx_word' id='word_1_55' title='bbox 916 1061 1013 1128; x_wconf 84' lang='lat' dir='ltr'>Febr.</span> <span class='ocrx_word' id='word_1_56' title='bbox 1030 1061 1073 1141; x_wconf 81' lang='lat' dir='ltr'>Q.</span> <span class='ocrx_word' id='word_1_57' title='bbox 1090 1061 1233 1127; x_wconf 85' lang='lat' dir='ltr'>Metello</span> <span class='ocrx_word' id='word_1_58' title='bbox 1257 1059 1292 1123; x_wconf 89' lang='lat' dir='ltr'>L.</span> <span class='ocrx_word' id='word_1_59' title='bbox 1365 1022 1372 1150; x_wconf 74' lang='lat' dir='ltr'>l</span> 
     </span>
    </p>
   </div>
   <div class='ocr_carea' id='block_1_6' title="bbox 249 1167 491 1234">
    <p class='ocr_par' dir='ltr' id='par_1_6' title="bbox 249 1167 491 1234">
     <span class='ocr_line' id='line_1_8' title="bbox 249 1167 491 1234; baseline -0.008 -1"><span class='ocrx_word' id='word_1_60' title='bbox 249 1167 392 1233; x_wconf 84' lang='lat' dir='ltr'>Afranio</span> <span class='ocrx_word' id='word_1_61' title='bbox 407 1189 491 1234; x_wconf 87' lang='lat' dir='ltr'>coss.</span> 
     </span>
    </p>
   </div>
   <div class='ocr_carea' id='block_1_7' title="bbox 747 1615 791 1678">
    <p class='ocr_par' dir='ltr' id='par_1_7' title="bbox 747 1615 791 1678">
     <span class='ocr_line' id='line_1_9' title="bbox 747 1615 791 1678; baseline -0.023 0"><span class='ocrx_word' id='word_1_62' title='bbox 747 1615 791 1678; x_wconf 93' lang='lat' dir='ltr'>V.</span> 
     </span>
    </p>
   </div>
   <div class='ocr_carea' id='block_1_8' title="bbox 639 1787 884 1845">
    <p class='ocr_par' dir='ltr' id='par_1_8' title="bbox 639 1787 884 1845">
     <span class='ocr_line' id='line_1_10' title="bbox 639 1787 884 1845; baseline -0.008 -10"><span class='ocrx_word' id='word_1_63' title='bbox 639 1788 699 1843; x_wconf 83' lang='lat' dir='ltr'>(An</span> <span class='ocrx_word' id='word_1_64' title='bbox 713 1790 780 1835; x_wconf 70' lang='lat' dir='ltr'>Aur.</span> <span class='ocrx_word' id='word_1_65' title='bbox 794 1800 822 1834; x_wconf 88' lang='lat' dir='ltr'>n.</span> <span class='ocrx_word' id='word_1_66' title='bbox 833 1787 884 1845; x_wconf 86' lang='grc'><strong>23.)</strong></span> 
     </span>
    </p>
   </div>
   <div class='ocr_carea' id='block_1_9' title="bbox 572 1949 960 1999">
    <p class='ocr_par' dir='ltr' id='par_1_9' title="bbox 572 1949 960 1999">
     <span class='ocr_line' id='line_1_11' title="bbox 572 1949 960 1999; baseline -0.008 0"><span class='ocrx_word' id='word_1_67' title='bbox 572 1951 705 1999; x_wconf 78' lang='lat' dir='ltr'>CICERO</span> <span class='ocrx_word' id='word_1_68' title='bbox 727 1951 859 1998; x_wconf 78' lang='lat' dir='ltr'>ATTICO</span> <span class='ocrx_word' id='word_1_69' title='bbox 882 1949 960 1998; x_wconf 77' lang='lat' dir='ltr'>SAL.</span> 
     </span>
    </p>
   </div>
   <div class='ocr_carea' id='block_1_10' title="bbox 216 2108 1365 2196">
    <p class='ocr_par' dir='ltr' id='par_1_10' title="bbox 216 2108 1365 2196">
     <span class='ocr_line' id='line_1_12' title="bbox 216 2108 1365 2196; baseline -0.007 -20"><span class='ocrx_word' id='word_1_70' title='bbox 216 2114 232 2176; x_wconf 87' lang='lat'>1</span> <span class='ocrx_word' id='word_1_71' title='bbox 290 2109 483 2196; x_wconf 90' lang='lat' dir='ltr'>Numquam</span> <span class='ocrx_word' id='word_1_72' title='bbox 497 2118 575 2175; x_wconf 90' lang='lat' dir='ltr'>ante</span> <span class='ocrx_word' id='word_1_73' title='bbox 600 2109 742 2174; x_wconf 87' lang='lat' dir='ltr'>arbitror</span> <span class='ocrx_word' id='word_1_74' title='bbox 765 2118 798 2174; x_wconf 91' lang='lat' dir='ltr'>te</span> <span class='ocrx_word' id='word_1_75' title='bbox 823 2109 999 2194; x_wconf 87' lang='lat' dir='ltr'>epistolam</span> <span class='ocrx_word' id='word_1_76' title='bbox 1027 2129 1134 2172; x_wconf 91' lang='lat' dir='ltr'>meam</span> <span class='ocrx_word' id='word_1_77' title='bbox 1161 2108 1295 2194; x_wconf 90' lang='lat' dir='ltr'>legisse,</span> <span class='ocrx_word' id='word_1_78' title='bbox 1361 2115 1365 2128; x_wconf 88' lang='lat'>&#39;</span> 
     </span>
    </p>
   </div>
   <div class='ocr_carea' id='block_1_11' title="bbox 166 2214 1299 3326">
    <p class='ocr_par' dir='ltr' id='par_1_11' title="bbox 166 2214 1299 3326">
     <span class='ocr_line' id='line_1_13' title="bbox 246 2214 1298 2298; baseline -0.007 -21"><span class='ocrx_word' id='word_1_79' title='bbox 246 2217 310 2279; x_wconf 90' lang='lat' dir='ltr'>uisi</span> <span class='ocrx_word' id='word_1_80' title='bbox 327 2237 399 2279; x_wconf 90' lang='lat' dir='ltr'>mea</span> <span class='ocrx_word' id='word_1_81' title='bbox 411 2237 512 2278; x_wconf 90' lang='lat' dir='ltr'>manu</span> <span class='ocrx_word' id='word_1_82' title='bbox 524 2216 701 2298; x_wconf 82' lang='lat' dir='ltr'>scriptam:</span> <span class='ocrx_word' id='word_1_83' title='bbox 728 2235 768 2278; x_wconf 86' lang='lat' dir='ltr'>ex</span> <span class='ocrx_word' id='word_1_84' title='bbox 782 2236 822 2278; x_wconf 90' lang='lat' dir='ltr'>eo</span> <span class='ocrx_word' id='word_1_85' title='bbox 837 2214 995 2298; x_wconf 83' lang='lat' dir='ltr'>colligere</span> <span class='ocrx_word' id='word_1_86' title='bbox 1013 2214 1147 2298; x_wconf 86' lang='lat' dir='ltr'>poteris,</span> <span class='ocrx_word' id='word_1_87' title='bbox 1165 2217 1298 2296; x_wconf 88' lang='lat' dir='ltr'>quanta</span> 
     </span>
     <span class='ocr_line' id='line_1_14' title="bbox 246 2313 1298 2402; baseline -0.01 -18"><span class='ocrx_word' id='word_1_88' title='bbox 246 2320 463 2402; x_wconf 80' lang='lat' dir='ltr'>occupatione</span> <span class='ocrx_word' id='word_1_89' title='bbox 487 2317 666 2392; x_wconf 88' lang='lat' dir='ltr'>distinea1·;</span> <span class='ocrx_word' id='word_1_90' title='bbox 699 2339 785 2392; x_wconf 85' lang='lat' dir='ltr'>nam,</span> <span class='ocrx_word' id='word_1_91' title='bbox 802 2339 879 2381; x_wconf 89' lang='lat' dir='ltr'>curn</span> <span class='ocrx_word' id='word_1_92' title='bbox 903 2317 1002 2381; x_wconf 88' lang='lat' dir='ltr'>vacui</span> <span class='ocrx_word' id='word_1_93' title='bbox 1026 2316 1184 2400; x_wconf 89' lang='lat' dir='ltr'>temporis</span> <span class='ocrx_word' id='word_1_94' title='bbox 1213 2313 1298 2377; x_wconf 91' lang='lat' dir='ltr'>nihil</span> 
     </span>
     <span class='ocr_line' id='line_1_15' title="bbox 247 2421 1299 2486; baseline -0.005 -2"><span class='ocrx_word' id='word_1_95' title='bbox 247 2423 399 2486; x_wconf 88' lang='lat' dir='ltr'>haberem</span> <span class='ocrx_word' id='word_1_96' title='bbox 415 2429 541 2485; x_wconf 92' lang='lat' dir='ltr'>etcum</span> <span class='ocrx_word' id='word_1_97' title='bbox 558 2421 755 2486; x_wconf 86' lang='lat' dir='ltr'>recreandae</span> <span class='ocrx_word' id='word_1_98' title='bbox 773 2421 910 2485; x_wconf 89' lang='lat' dir='ltr'>voculae</span> <span class='ocrx_word' id='word_1_99' title='bbox 928 2441 1029 2483; x_wconf 90' lang='lat' dir='ltr'>causa</span> <span class='ocrx_word' id='word_1_100' title='bbox 1046 2441 1181 2484; x_wconf 87' lang='lat' dir='ltr'>necesse</span> <span class='ocrx_word' id='word_1_101' title='bbox 1209 2424 1299 2484; x_wconf 90' lang='lat' dir='ltr'>esset</span> 
     </span>
     <span class='ocr_line' id='line_1_16' title="bbox 215 2524 1298 2610; baseline -0.004 -21"><span class='ocrx_word' id='word_1_102' title='bbox 215 2526 327 2590; x_wconf 82' lang='lat' dir='ltr'>amini</span> <span class='ocrx_word' id='word_1_103' title='bbox 343 2525 521 2599; x_wconf 87' lang='lat' dir='ltr'>ambulare,</span> <span class='ocrx_word' id='word_1_104' title='bbox 539 2524 618 2590; x_wconf 89' lang='lat' dir='ltr'>haec</span> <span class='ocrx_word' id='word_1_105' title='bbox 634 2524 760 2589; x_wconf 84' lang='lat' dir='ltr'>dictavi</span> <span class='ocrx_word' id='word_1_106' title='bbox 783 2524 967 2588; x_wconf 87' lang='lat' dir='ltr'>ambulans.</span> <span class='ocrx_word' id='word_1_107' title='bbox 1016 2524 1166 2587; x_wconf 90' lang='lat' dir='ltr'>Primum</span> <span class='ocrx_word' id='word_1_108' title='bbox 1190 2525 1298 2610; x_wconf 85' lang='lat' dir='ltr'>igitur</span> 
     </span>
     <span class='ocr_line' id='line_1_17' title="bbox 166 2612 1296 2712; baseline -0.002 -23"><span class='ocrx_word' id='word_1_109' title='bbox 166 2612 171 2624; x_wconf 52' lang='lat'><strong>¹</strong></span> <span class='ocrx_word' id='word_1_110' title='bbox 207 2628 331 2692; x_wconf 83' lang='lat' dir='ltr'>cillud</span> <span class='ocrx_word' id='word_1_111' title='bbox 354 2636 386 2692; x_wconf 86' lang='lat' dir='ltr'>te</span> <span class='ocrx_word' id='word_1_112' title='bbox 410 2630 494 2693; x_wconf 89' lang='lat' dir='ltr'>scire</span> <span class='ocrx_word' id='word_1_113' title='bbox 518 2628 604 2704; x_wconf 91' lang='lat' dir='ltr'>volo,</span> <span class='ocrx_word' id='word_1_114' title='bbox 623 2628 934 2712; x_wconf 87' lang='lat' dir='ltr'>Sampsiceramum,</span> <span class='ocrx_word' id='word_1_115' title='bbox 960 2623 1113 2692; x_wconf 88' lang='lat' dir='ltr'>nostrum</span> <span class='ocrx_word' id='word_1_116' title='bbox 1136 2629 1296 2698; x_wconf 87' lang='lat' dir='ltr'>amicum,</span> 
     </span>
     <span class='ocr_line' id='line_1_18' title="bbox 247 2733 1297 2817; baseline -0.005 -20"><span class='ocrx_word' id='word_1_117' title='bbox 247 2733 462 2797; x_wconf 85' lang='lat' dir='ltr'>vehementer</span> <span class='ocrx_word' id='word_1_118' title='bbox 491 2733 543 2796; x_wconf 93' lang='lat' dir='ltr'>sui</span> <span class='ocrx_word' id='word_1_119' title='bbox 575 2739 683 2796; x_wconf 86' lang='lat' dir='ltr'>status</span> <span class='ocrx_word' id='word_1_120' title='bbox 715 2733 885 2816; x_wconf 89' lang='lat' dir='ltr'>poenitere</span> <span class='ocrx_word' id='word_1_121' title='bbox 918 2733 1118 2817; x_wconf 87' lang='lat' dir='ltr'>restituique</span> <span class='ocrx_word' id='word_1_122' title='bbox 1151 2733 1185 2795; x_wconf 90' lang='lat' dir='ltr'>in</span> <span class='ocrx_word' id='word_1_123' title='bbox 1220 2751 1297 2797; x_wconf 89' lang='lat' dir='ltr'>eum</span> 
     </span>
     <span class='ocr_line' id='line_1_19' title="bbox 248 2836 1298 2921; baseline -0.001 -22"><span class='ocrx_word' id='word_1_124' title='bbox 248 2837 358 2901; x_wconf 93' lang='lat' dir='ltr'>locum</span> <span class='ocrx_word' id='word_1_125' title='bbox 381 2858 512 2919; x_wconf 86' lang='lat' dir='ltr'>cupere,</span> <span class='ocrx_word' id='word_1_126' title='bbox 538 2857 671 2920; x_wconf 84' lang='lat' dir='ltr'>exque</span> <span class='ocrx_word' id='word_1_127' title='bbox 701 2836 838 2912; x_wconf 85' lang='lat' dir='ltr'>decidit,</span> <span class='ocrx_word' id='word_1_128' title='bbox 863 2836 1078 2921; x_wconf 87' lang='lat' dir='ltr'>doloremque</span> <span class='ocrx_word' id='word_1_129' title='bbox 1106 2857 1208 2902; x_wconf 86' lang='lat' dir='ltr'>suum</span> <span class='ocrx_word' id='word_1_130' title='bbox 1242 2838 1298 2899; x_wconf 90' lang='lat' dir='ltr'>irn-</span> 
     </span>
     <span class='ocr_line' id='line_1_20' title="bbox 246 2939 1294 3026; baseline -0.002 -21"><span class='ocrx_word' id='word_1_131' title='bbox 246 2941 368 3025; x_wconf 87' lang='lat' dir='ltr'>pertire</span> <span class='ocrx_word' id='word_1_132' title='bbox 391 2939 486 3002; x_wconf 91' lang='lat' dir='ltr'>nobis</span> <span class='ocrx_word' id='word_1_133' title='bbox 511 2945 544 3002; x_wconf 86' lang='lat' dir='ltr'>et</span> <span class='ocrx_word' id='word_1_134' title='bbox 567 2939 765 3003; x_wconf 86' lang='lat' dir='ltr'>medicinam</span> <span class='ocrx_word' id='word_1_135' title='bbox 793 2940 962 3004; x_wconf 91' lang='lat' dir='ltr'>interdum</span> <span class='ocrx_word' id='word_1_136' title='bbox 987 2949 1099 3026; x_wconf 90' lang='lat' dir='ltr'>aperte</span> <span class='ocrx_word' id='word_1_137' title='bbox 1124 2961 1294 3025; x_wconf 84' lang='lat' dir='ltr'>quaerere,</span> 
     </span>
     <span class='ocr_line' id='line_1_21' title="bbox 193 3043 1295 3129; baseline -0.001 -23"><span class='ocrx_word' id='word_1_138' title='bbox 193 3061 223 3106; x_wconf 90' lang='lat'>10</span> <span class='ocrx_word' id='word_1_139' title='bbox 244 3066 346 3129; x_wconf 90' lang='lat' dir='ltr'>quam</span> <span class='ocrx_word' id='word_1_140' title='bbox 369 3065 432 3128; x_wconf 91' lang='lat' dir='ltr'>ego</span> <span class='ocrx_word' id='word_1_141' title='bbox 454 3063 549 3127; x_wconf 89' lang='lat' dir='ltr'>posse</span> <span class='ocrx_word' id='word_1_142' title='bbox 574 3043 718 3107; x_wconf 89' lang='lat' dir='ltr'>inveniri</span> <span class='ocrx_word' id='word_1_143' title='bbox 742 3045 869 3108; x_wconf 87' lang='lat' dir='ltr'>nullam</span> <span class='ocrx_word' id='word_1_144' title='bbox 893 3053 996 3129; x_wconf 85' lang='lat' dir='ltr'>put03</span> <span class='ocrx_word' id='word_1_145' title='bbox 1032 3043 1154 3108; x_wconf 90' lang='lat' dir='ltr'>deinde</span> <span class='ocrx_word' id='word_1_146' title='bbox 1178 3063 1295 3107; x_wconf 90' lang='lat' dir='ltr'>omnes</span> 
     </span>
     <span class='ocr_line' id='line_1_22' title="bbox 246 3147 1294 3230; baseline -0.001 -20"><span class='ocrx_word' id='word_1_147' title='bbox 246 3149 338 3210; x_wconf 88' lang='lat' dir='ltr'>illius</span> <span class='ocrx_word' id='word_1_148' title='bbox 365 3148 469 3230; x_wconf 81' lang='lat' dir='ltr'>partis</span> <span class='ocrx_word' id='word_1_149' title='bbox 492 3154 644 3211; x_wconf 83' lang='lat' dir='ltr'>auctores</span> <span class='ocrx_word' id='word_1_150' title='bbox 667 3169 705 3211; x_wconf 89' lang='lat' dir='ltr'>ac</span> <span class='ocrx_word' id='word_1_151' title='bbox 733 3149 839 3213; x_wconf 89' lang='lat' dir='ltr'>socios</span> <span class='ocrx_word' id='word_1_152' title='bbox 871 3149 965 3212; x_wconf 90' lang='lat' dir='ltr'>nullo</span> <span class='ocrx_word' id='word_1_153' title='bbox 996 3147 1186 3212; x_wconf 88' lang='lat' dir='ltr'>adversario</span> <span class='ocrx_word' id='word_1_154' title='bbox 1219 3167 1294 3212; x_wconf 89' lang='lat' dir='ltr'>con·</span> 
     </span>
     <span class='ocr_line' id='line_1_23' title="bbox 245 3251 1293 3326; baseline -0.004 -10"><span class='ocrx_word' id='word_1_155' title='bbox 245 3273 426 3326; x_wconf 91' lang='lat' dir='ltr'>senescere,</span> <span class='ocrx_word' id='word_1_156' title='bbox 458 3254 712 3316; x_wconf 89' lang='lat' dir='ltr'>consensionem</span> <span class='ocrx_word' id='word_1_157' title='bbox 743 3254 977 3317; x_wconf 89' lang='lat' dir='ltr'>universorum</span> <span class='ocrx_word' id='word_1_158' title='bbox 1007 3275 1068 3317; x_wconf 90' lang='lat' dir='ltr'>nec</span> <span class='ocrx_word' id='word_1_159' title='bbox 1103 3251 1293 3316; x_wconf 89' lang='lat' dir='ltr'>voluntatis</span> 
     </span>
    </p>
   </div>
   <div class='ocr_carea' id='block_1_12' title="bbox 193 3347 1370 3442">
    <p class='ocr_par' dir='ltr' id='par_1_12' title="bbox 193 3347 1370 3442">
     <span class='ocr_line' id='line_1_24' title="bbox 193 3347 1370 3442; baseline -0.003 -20"><span class='ocrx_word' id='word_1_160' title='bbox 193 3347 307 3422; x_wconf 38' lang='lat' dir='ltr'>&#39;3nec</span> <span class='ocrx_word' id='word_1_161' title='bbox 323 3356 483 3420; x_wconf 91' lang='lat' dir='ltr'>sermonis</span> <span class='ocrx_word' id='word_1_162' title='bbox 506 3358 663 3420; x_wconf 89' lang='lat' dir='ltr'>maiorem</span> <span class='ocrx_word' id='word_1_163' title='bbox 686 3378 846 3442; x_wconf 90' lang='lat' dir='ltr'>umquam</span> <span class='ocrx_word' id='word_1_164' title='bbox 870 3357 984 3422; x_wconf 84' lang='lat' dir='ltr'>fuisse.</span> <span class='ocrx_word' id='word_1_165' title='bbox 1031 3357 1099 3420; x_wconf 89' lang='lat' dir='ltr'>Nos</span> <span class='ocrx_word' id='word_1_166' title='bbox 1123 3364 1293 3421; x_wconf 88' lang='lat' dir='ltr'>autem—</span> <span class='ocrx_word' id='word_1_167' title='bbox 1369 3357 1370 3436; x_wconf 75' lang='lat'><em>3</em></span> 
     </span>
    </p>
   </div>
   <div class='ocr_carea' id='block_1_13' title="bbox 193 3457 1290 3650">
    <p class='ocr_par' dir='ltr' id='par_1_13' title="bbox 193 3457 1290 3650">
     <span class='ocr_line' id='line_1_25' title="bbox 216 3457 1290 3545; baseline 0.001 -24"><span class='ocrx_word' id='word_1_168' title='bbox 216 3514 219 3521; x_wconf 52' lang='lat'>.</span> <span class='ocrx_word' id='word_1_169' title='bbox 246 3481 323 3524; x_wconf 92' lang='lat' dir='ltr'>nam</span> <span class='ocrx_word' id='word_1_170' title='bbox 349 3457 384 3522; x_wconf 93' lang='lat' dir='ltr'>id</span> <span class='ocrx_word' id='word_1_171' title='bbox 408 3469 442 3524; x_wconf 86' lang='lat' dir='ltr'>te</span> <span class='ocrx_word' id='word_1_172' title='bbox 467 3461 550 3541; x_wconf 72' lang='lat' dir='ltr'>scire</span> <span class='ocrx_word' id='word_1_173' title='bbox 577 3483 697 3545; x_wconf 88' lang='lat' dir='ltr'>cupere</span> <span class='ocrx_word' id='word_1_174' title='bbox 725 3469 816 3526; x_wconf 90' lang='lat' dir='ltr'>certo</span> <span class='ocrx_word' id='word_1_175' title='bbox 842 3461 1118 3544; x_wconf 78' lang='lat' dir='ltr'>scio-publicis</span> <span class='ocrx_word' id='word_1_176' title='bbox 1142 3460 1290 3525; x_wconf 89' lang='lat' dir='ltr'>consiliis</span> 
     </span>
     <span class='ocr_line' id='line_1_26' title="bbox 193 3564 1290 3650; baseline 0.002 -26"><span class='ocrx_word' id='word_1_177' title='bbox 193 3579 221 3624; x_wconf 81' lang='lat'>15</span> <span class='ocrx_word' id='word_1_178' title='bbox 244 3564 347 3629; x_wconf 91' lang='lat' dir='ltr'>nullis</span> <span class='ocrx_word' id='word_1_179' title='bbox 374 3565 579 3628; x_wconf 88' lang='lat' dir='ltr'>intersumus</span> <span class='ocrx_word' id='word_1_180' title='bbox 610 3575 767 3649; x_wconf 87' lang='lat' dir='ltr'>totosque</span> <span class='ocrx_word' id='word_1_181' title='bbox 799 3587 858 3629; x_wconf 89' lang='lat' dir='ltr'>nos</span> <span class='ocrx_word' id='word_1_182' title='bbox 889 3564 930 3630; x_wconf 87' lang='lat' dir='ltr'>ad</span> <span class='ocrx_word' id='word_1_183' title='bbox 962 3564 1128 3629; x_wconf 90' lang='lat' dir='ltr'>forensem</span> <span class='ocrx_word' id='word_1_184' title='bbox 1156 3585 1290 3650; x_wconf 89' lang='lat' dir='ltr'>operam</span> 
     </span>
    </p>
   </div>
   <div class='ocr_carea' id='block_1_14' title="bbox 245 3667 1298 3859">
    <p class='ocr_par' dir='ltr' id='par_1_14' title="bbox 245 3667 1298 3859">
     <span class='ocr_line' id='line_1_27' title="bbox 245 3667 1298 3754; baseline 0 -22"><span class='ocrx_word' id='word_1_185' title='bbox 245 3669 459 3753; x_wconf 87' lang='lat' dir='ltr'>laboremque</span> <span class='ocrx_word' id='word_1_186' title='bbox 490 3669 704 3744; x_wconf 89' lang='lat' dir='ltr'>contulimus,</span> <span class='ocrx_word' id='word_1_187' title='bbox 728 3691 770 3732; x_wconf 89' lang='lat' dir='ltr'>ex</span> <span class='ocrx_word' id='word_1_188' title='bbox 802 3691 879 3753; x_wconf 87' lang='lat' dir='ltr'>quc,</span> <span class='ocrx_word' id='word_1_189' title='bbox 903 3667 995 3752; x_wconf 92' lang='lat' dir='ltr'>quod</span> <span class='ocrx_word' id='word_1_190' title='bbox 1020 3668 1117 3732; x_wconf 89' lang='lat' dir='ltr'>facile</span> <span class='ocrx_word' id='word_1_191' title='bbox 1145 3667 1298 3754; x_wconf 83' lang='lat' dir='ltr'>intelligi.</span> 
     </span>
     <span class='ocr_line' id='line_1_28' title="bbox 245 3773 1287 3859; baseline -0.003 -21"><span class='ocrx_word' id='word_1_192' title='bbox 245 3773 359 3859; x_wconf 81' lang='lat' dir='ltr'>possit,</span> <span class='ocrx_word' id='word_1_193' title='bbox 385 3774 420 3836; x_wconf 92' lang='lat' dir='ltr'>in</span> <span class='ocrx_word' id='word_1_194' title='bbox 448 3775 555 3837; x_wconf 86' lang='lat' dir='ltr'>multa</span> <span class='ocrx_word' id='word_1_195' title='bbox 581 3774 891 3836; x_wconf 88' lang='lat' dir='ltr'>commemoratione</span> <span class='ocrx_word' id='word_1_196' title='bbox 919 3793 1033 3835; x_wconf 87' lang='lat' dir='ltr'>earum</span> <span class='ocrx_word' id='word_1_197' title='bbox 1059 3794 1180 3848; x_wconf 89' lang='lat' dir='ltr'>rerum,</span> <span class='ocrx_word' id='word_1_198' title='bbox 1206 3793 1287 3857; x_wconf 92' lang='lat' dir='ltr'>quas</span> 
     </span>
    </p>
   </div>
   <div class='ocr_carea' id='block_1_15' title="bbox 149 3874 1285 3969">
    <p class='ocr_par' dir='ltr' id='par_1_15' title="bbox 149 3874 1285 3969">
     <span class='ocr_line' id='line_1_29' title="bbox 149 3874 1285 3969; baseline 0.008 -35"><span class='ocrx_word' id='word_1_199' title='bbox 149 3925 157 3934; x_wconf 92' lang='lat'>.</span> <span class='ocrx_word' id='word_1_200' title='bbox 243 3878 418 3969; x_wconf 86' lang='lat' dir='ltr'>gessimus,</span> <span class='ocrx_word' id='word_1_201' title='bbox 436 3876 667 3962; x_wconf 90' lang='lat' dir='ltr'>desiderioque</span> <span class='ocrx_word' id='word_1_202' title='bbox 684 3896 865 3942; x_wconf 86' lang='lat' dir='ltr'>versamur.</span> <span class='ocrx_word' id='word_1_203' title='bbox 912 3874 979 3942; x_wconf 88' lang='lat' dir='ltr'>Sed</span> <span class='ocrx_word' id='word_1_204' title='bbox 999 3875 1133 3946; x_wconf 59' lang='lat' dir='ltr'>penulae,</span> <span class='ocrx_word' id='word_1_205' title='bbox 1156 3884 1285 3946; x_wconf 82' lang='lat' dir='ltr'>nostrae</span> 
     </span>
    </p>
   </div>
   <div class='ocr_carea' id='block_1_16' title="bbox 0 0 1404 4367">
    <p class='ocr_par' dir='ltr' id='par_1_16' title="bbox 0 0 1404 4367">
     <span class='ocr_line' id='line_1_30' title="bbox 0 0 1404 4367; baseline 0 9"><span class='ocrx_word' id='word_1_206' title='bbox 0 0 1404 4367; x_wconf 95' lang='lat' dir='ltr'> </span> 
     </span>
    </p>
   </div>
  </div>
 </body>
</html>
