2800 4367
463 289 655 354 11111111,
680 291 694 354 1
717 291 804 342 asar.
1139 277 1217 358 ¹203

111 483 277 546 umquam
300 462 456 527 sordibus
479 462 668 528 obsolescit.
716 463 791 526 Nou
816 464 865 527 illi
898 463 1084 528 ornandum
1117 463 1163 527 M.

113 565 290 643 Catonem,
306 566 366 630 sed
381 566 611 652 relegandum,
629 589 690 632 nec
708 568 756 631 illi
781 567 1056 632 committendum
1080 567 1164 630 illud

111 672 300 756 negotium,
316 670 377 735 sed
393 671 622 755 inponendum
639 680 856 756 putaverunt,
874 672 933 757 qui
953 672 986 734 in
1011 673 1165 736 contione

112 775 225 858 palam
256 775 407 840 dixerint
436 777 588 862 linguam
611 798 646 840 se
671 776 827 842 evellisse
853 775 899 839 M.
925 775 1056 851 Catoni,
1080 796 1166 860 quae
1191 793 1219 839 10

111 901 247 963 semper
262 887 379 942 contra
395 879 676 944 extraordinarias
699 888 883 964 potestates
907 879 1011 944 libera
1034 877 1164 944 fuisset.

114 981 282 1058 Sentient,
308 992 348 1046 ut
374 1005 482 1068 spero,
507 983 598 1049 brevi
631 992 780 1069 tempore
813 1005 945 1048 manere
977 983 1164 1048 libertatem

114 1086 209 1148 illam
231 1094 333 1171 atque
358 1087 421 1151 hoo
445 1089 556 1164 etiam,
573 1089 601 1152 si
626 1087 696 1152 fieri
720 1089 878 1174 potuerit,
903 1109 974 1152 esse
999 1088 1164 1162 maiorem,

115 1190 209 1273 quod
240 1213 314 1254 oum
350 1191 547 1256 consulibus
579 1192 647 1256 illis
678 1192 725 1255 M.
755 1191 851 1267 Cato,
876 1193 975 1256 etiam
999 1213 1075 1256 oum
1099 1192 1161 1254 iam

116 1293 324 1379 desperasset
340 1295 470 1380 aliquid
487 1297 688 1361 auctoritate
705 1317 766 1361 sua
789 1295 903 1381 profici
928 1317 1034 1380 posse,
1052 1303 1162 1360 tamen
1190 1313 1218 1357 15

116 1420 198 1462 voce
214 1400 286 1483 ipsa
302 1421 341 1463 ac
358 1399 472 1464 dolore
496 1401 665 1486 pugnavit
688 1409 724 1465 et
747 1409 957 1492 postlmeum
983 1399 1164 1464 discessum

116 1503 155 1565 iis
185 1503 341 1568 Pisonem
370 1503 481 1568 verbis
509 1502 592 1568 flens
620 1527 731 1570 meum
755 1513 791 1569 et
813 1505 859 1568 rei
883 1503 1035 1588 publicae
1052 1525 1164 1568 casum

117 1607 264 1682 vexavit,
282 1616 322 1670 ut
349 1608 447 1670 illum
472 1607 641 1672 hominem
667 1607 930 1693 perditissimum
954 1614 1056 1692 atque
1073 1609 1165 1693 inpu-

40 1704 41 1769 ἶ
117 1709 349 1775 dentissimum
382 1733 487 1795 paene
519 1713 585 1775 iam
615 1712 806 1798 provinciae
839 1713 1033 1796 paeniteret.
1097 1711 1167 1774 Cur
1180 1709 1216 1770 61

116 1815 220 1900 igitur
249 1817 417 1902 rogationi
448 1817 581 1900 paruit?
627 1816 733 1896 Quasi
751 1839 830 1882 vero
854 1817 910 1880 ille
934 1838 999 1878 non
1025 1817 1058 1877 in
1083 1816 1163 1880 alias
1187 1830 1216 1875 ao

117 1939 252 2005 quoque
275 1921 379 2006 leges,
404 1923 488 2004 quas
515 1922 640 1986 iniuste
668 1929 802 2008 rogatas
830 1928 974 2006 putaret,
1000 1920 1064 1983 iam
1088 1927 1164 1984 ante

117 2022 251 2088 11111111
299 2023 331 2086 N
334 2046 377 2089 on
394 2022 495 2089 offert
514 2047 549 2090 se
573 2025 629 2090 ille
653 2025 727 2090 istis
751 2023 1005 2099 temeritatibus,
1023 2032 1071 2101 ut,
1088 2046 1163 2088 cum

117 2130 160 2192 rei
186 2129 341 2214 publicae
370 2130 454 2193 nihil
479 2132 594 2215 prosit,
611 2153 648 2195 se
670 2131 737 2195 civi
763 2153 831 2196 rem
856 2131 1022 2215 publicam
1045 2131 1164 2215 privet.

40 2230 41 2235 ’
118 2232 263 2300 Consule
292 2257 345 2300 me
375 2257 452 2300 oum
480 2243 569 2301 esset
604 2234 800 2322 designatus
838 2234 993 2300 tribunus
1025 2236 1079 2320 pl,
1112 2234 1166 2298 ob-

119 2339 245 2402 tulitin
269 2340 450 2405 discrimen
477 2341 581 2404 vitam
606 2362 721 2417 suam3
746 2341 834 2404 dixit
857 2361 930 2404 eam
953 2339 1164 2414 sententiam,
1188 2356 1218 2401 15

120 2443 211 2507 cuius
228 2443 391 2508 invidiam
417 2445 536 2528 capitis
560 2444 710 2528 periculo
736 2444 796 2509 sibi
821 2442 1052 2528 praestandam
1077 2441 1165 2506 vide·

120 2544 192 2622 bat3
216 2548 307 2613 dixit
334 2549 560 2625 vehementer,
589 2550 661 2636 egit
691 2550 820 2624 acriter,
853 2569 900 2624 ca,
934 2569 1020 2632 quae
1051 2547 1166 2621 sensit,
1266 2599 1275 2612 .

121 2672 193 2733 prae
209 2675 245 2718 se
269 2653 361 2728 tulit,
378 2651 459 2729 dux,
476 2660 604 2729 auctor,
621 2660 713 2716 actor
730 2674 839 2716 rerum
858 2653 990 2714 illarum
1006 2649 1082 2727 fuit,
1096 2671 1162 2714 non

121 2775 184 2836 quo
214 2757 403 2840 periculum
434 2777 533 2820 suum
566 2777 632 2818 1ο1
665 2753 803 2829 videret,
837 2754 894 2818 sed
927 2755 960 2816 in
993 2761 1087 2817 tanta
1117 2753 1164 2816 111

121 2858 266 2939 publicae
295 2867 499 2944 tempestate
526 2859 611 2922 nihil
633 2858 696 2922 sibi
722 2859 784 2922 nisi
810 2858 849 2922 de
866 2858 992 2942 patriae
1010 2857 1166 2942 periculis
1190 2875 1219 2920 30

121 2963 332 3048 cogitandum
348 2962 500 3047 putabat.

160 3084 260 3134 xxm.
296 3068 511 3132 Consecutus
527 3075 579 3132 est
599 3068 706 3152 ipsius
731 3067 932 3131 tribunatus.
980 3065 1072 3144 Quid
1096 3087 1157 3151 ego
1179 3068 1218 3130 62

122 3167 158 3234 de
178 3175 342 3260 singulari
367 3171 601 3258 magnitudine
625 3172 728 3234 animi
753 3172 826 3234 eius
850 3191 887 3235 ac
911 3169 951 3234 de
976 3169 1164 3234 incredibili

124 3275 243 3342 virtute
261 3277 407 3356 dicam?
453 3276 656 3340 Meministis
685 3275 782 3338 illum
811 3274 908 3349 diem,
937 3296 1014 3338 oum
1040 3274 1164 3358 templo

123 3384 140 3439 a'
161 3381 289 3468 collega
313 3388 487 3465 occupato,
505 3379 600 3444 nobis
624 3378 778 3443 omnibus
802 3378 933 3442 devita
957 3379 1028 3442 eius
1045 3380 1105 3442 viri
1130 3385 1166 3440 et

125 3485 201 3549 civis
217 3485 417 3550 timentibus
434 3486 504 3569 ipse
518 3485 628 3547 animo
641 3483 830 3546 firmissimo
844 3483 985 3547 venitin
1003 3481 1164 3565 templum
1189 3496 1202 3538 s

125 3596 156 3650 et
169 3589 345 3654 clamorem
361 3589 535 3652 hominum
552 3587 764 3661 auctoritate,
782 3587 933 3670 inpetum
951 3585 1165 3670 inproborum

127 3691 244 3757 virtute
274 3693 417 3758 sedavit.
464 3690 563 3753 Adiit
591 3699 663 3754 tum
691 3689 890 3772 periculum,
919 3689 978 3753 sed
1009 3689 1092 3752 adiit
1122 3687 1164 3750 ob

129 3814 191 3858 eam
214 3818 359 3872 oausam,
377 3817 463 3879 quae
487 3801 614 3879 quanta
637 3792 751 3868 fuerit,
770 3794 833 3855 iam
857 3793 939 3854 mihi
963 3793 1072 3856 dicere
1097 3813 1162 3853 non
