2800 4367
210 350 275 414 222
567 362 691 412 11101.
717 361 844 412 snsmo
867 361 1015 412 0111110.

261 533 399 610 ratione,
429 533 467 596 L.
492 531 722 608 Saturninum,
748 553 865 596 censor
889 539 1039 596 notasset
1061 553 1212 618 eumque·
1237 533 1327 596 insi-

263 639 372 702 tivum
410 636 599 701 Gracchum
630 645 748 700 contra
779 637 846 700 vim
888 635 1118 701 multitudiuis
1149 638 1325 702 incitatae

262 765 364 808 censu
389 742 611 828 prohibuisset
633 762 780 824 cumque
804 742 837 803 in
866 761 938 805 eam
966 741 1086 826 legem,
1116 763 1219 826 quam
1248 764 1325 805 non

208 863 239 910 au
262 849 333 912 iure
350 853 500 933 rogatam
527 845 699 919 iudicarat,
716 845 825 910 iurare
852 866 940 908 unus
966 846 1140 922 noluisset,
1165 846 1207 911 de
1236 847 1326 910 civi-

211 990 216 1000 ·
262 959 330 1016 tate
347 951 467 1014 maluit
481 955 581 1034 quam
600 948 640 1013 de
657 949 825 1014 sententia
848 947 1028 1024 demoveri,
1045 956 1115 1026 aut,
1132 959 1172 1014 ut
1193 958 1326 1016 vetera

261 1054 423 1138 exempla,
441 1075 584 1138 quorum
601 1061 653 1117 est
667 1053 763 1136 copia
779 1051 881 1138 digua
908 1052 1009 1116 huius
1037 1053 1166 1137 imperii
1190 1056 1323 1140 gloria,

262 1159 448 1242 relinquam
467 1179 550 1222 neve
575 1178 690 1220 eorum
707 1157 864 1240 aliquem,
883 1157 941 1240 qui
971 1157 1103 1233 vivunt,
1127 1160 1322 1234 nominem,

262 1262 371 1346 qualis
394 1282 501 1345 nuper
533 1259 573 1339 Q.
608 1259 752 1323 Catulus
784 1258 861 1335 fuit,
893 1281 993 1344 quem
1025 1282 1135 1344 neque
1167 1263 1323 1347 periculi

208 1381 237 1426 as
260 1373 440 1450 tempestas
465 1387 574 1450 neque
600 1365 734 1428 honoris
758 1385 839 1427 aura
860 1365 973 1448 potuit
996 1385 1158 1449 umquam
1180 1365 1224 1431 dc
1253 1388 1323 1431 suo

261 1491 361 1533 eursu
377 1477 438 1532 aut
452 1491 511 1553 spe
528 1478 588 1533 aut
604 1475 696 1533 metu
716 1467 901 1532 demovere.
1178 1459 1183 1470 ’

190 1578 246 1639 102
301 1591 429 1638 xnvnv.
455 1573 547 1638 Haec
586 1574 774 1649 imitamini,
806 1595 865 1657 per
895 1573 974 1638 deos
1006 1574 1215 1649 immortalis,
1254 1576 1321 1658 qui

182 1704 183 1707 ¹
261 1677 470 1764 dignitatem,
487 1679 554 1762 ·qui
583 1677 726 1750 laudem,
753 1679 812 1762 qui
829 1678 969 1762 gloriam
987 1678 1166 1762 quaeritis!
1215 1677 1319 1742 Haeo

183 1851 191 1866 ‚
262 1782 372 1866 ampla
394 1789 484 1859 sunt,
509 1782 590 1856 haec
613 1781 738 1857 divina,
761 1781 842 1845 haee
865 1782 1087 1856 immortalia3
1115 1781 1196 1846 haee
1220 1781 1321 1845 fama

261 1885 480 1962 celebrantur,
498 1887 723 1950 monument-is
747 1886 918 1948 annalium
935 1885 1147 1961 mandantur,
1170 1887 1319 1970 posteri-

222 2006 237 2050 s
259 1991 322 2053 tati
338 1999 576 2076 propagantur.
616 1990 679 2053 Est
693 1989 794 2066 labor,
812 2011 878 2052 11011
895 2011 980 2076 nego
990 2014 999 2065 ;
1016 1991 1165 2075 pericula
1175 2011 1316 2078 magna,

261 2093 388 2169 iate0r3

427 2207 582 2271 multae
614 2207 797 2272 insidiae
828 2209 929 2270 sunt
959 2206 1081 2272 bonis

261 2353 432 2417 verissime
449 2352 575 2418 dietum
594 2360 663 2427 est3
687 2352 749 2417 sed
765 2361 797 2418 te

288 2475 367 2577 ld,
391 2498 511 2584 quod
538 2500 673 2562 multi
705 2500 954 2564 invideant
983 2501 1215 2586 multique
1248 2503 1314 2565 dx·

210 2618 238 2663 10
521 2610 692 2688 petant,
716 2604 915 2667 inscitia
938 2612 1016 2678 est,

260 2716 383 2801 inquit,

307 2862 672 2936 Postularanisi
706 2862 905 2927 laborem
936 2865 1102 2927 summa
1132 2885 1231 2928 cum

600 2964 916 3030 ouracoferas.

264 3103 396 3167 Nollem
413 3103 500 3168 idem
518 3104 583 3166 alio
599 3104 673 3169 loco
696 3103 848 3180 dixisset,
865 3104 957 3188 quod
970 3105 1165 3189 exciperent
1176 3105 1310 3191 inprobi

210 3224 238 3267 15
260 3228 369 3271 cives:

418 3290 622 3386 Oderint,
646 3310 745 3374 dum
775 3313 991 3377 metuant.

191 3449 247 3512 103
262 3446 435 3512 Praeclara
457 3450 544 3512 enim
568 3448 627 3511 illa
651 3457 828 3534 praecepta
853 3448 990 3514 dederat
1014 3450 1195 3514 iuvent-uti.
1241 3449 1308 3515 Sed

262 3559 373 3616 tamen
390 3552 470 3615 haec
488 3553 542 3615 via
561 3573 599 3615 ac
623 3554 708 3616 ratio
731 3554 779 3616 rei
803 3552 956 3637 publicae
981 3553 1203 3638 capessendae
1228 3555 1307 3618 olim

262 3664 334 3720 erat
349 3657 454 3743 magis
478 3657 753 3740 pertimescenda,
771 3677 847 3720 cum
871 3657 988 3720 multis
1014 3658 1048 3718 in
1073 3657 1173 3721 rebus
1197 3659 1306 3738 multi-

209 3775 238 3819 20
261 3760 388 3824 tudinis
426 3745 577 3824 studium
608 3782 645 3822 ac
676 3760 792 3842 populi
830 3759 1040 3823 commodum
1078 3760 1120 3824 ab
1157 3761 1304 3826 utilitate

262 3865 310 3927 rei
333 3863 486 3947 publicae
513 3862 731 3946 discrepabat.
778 3861 966 3926 Tabellaria
992 3863 1048 3927 lex
1071 3861 1113 3926 ab
1136 3863 1173 3926 L.
1191 3864 1305 3930 Cassio
