2800 4367
167 343 209 409 14
435 356 575 406 onn'rro
599 358 637 407 nr
662 357 876 406 cn‘rrurnnn
900 357 1027 407 namn.

218 527 388 591 malleolos
405 534 439 590 et
456 526 544 590 faces
561 526 604 589 ad
621 526 891 590 inflammandam
914 528 1028 592 urbem
1054 550 1277 614 comparare
1291 555 1299 603 ;

166 645 195 689 ao
216 632 262 694 sit
278 629 423 714 denique
441 630 641 713 inscriptum
663 630 697 693 in
724 629 834 694 fronte
860 632 961 694 unius
987 633 1180 716 cuiusque,
1203 632 1300 718 quid

216 734 257 797 dc
288 756 322 797 rc
353 733 490 817 publica
530 734 663 797 sentiat.
726 733 893 799 Polliceor
922 734 985 799 hoc
1015 734 1122 812 vobiS,
1163 745 1297 822 patres

216 838 406 922 conscripti,
423 844 552 901 tantam
568 838 603 900 in
619 837 715 902 nobis
733 837 929 903 consulibus
945 838 1017 904 fore
1042 839 1294 925 diligentiam,

217 949 344 1006 tantam
375 943 410 1005 in
442 941 535 1006 vobis
567 943 812 1018 auctoritatem,
846 951 975 1007 tantam
1017 945 1052 1007 in
1093 946 1295 1028 equitibus

156 1054 159 1059 “
217 1047 375 1111 Romanis
401 1047 574 1121 virtutem,
603 1053 733 1110 tantam
764 1047 800 1109 in
825 1046 979 1112 omnibus
1005 1047 1100 1112 bonis
1131 1070 1294 1114 consen-

164 1166 193 1209 25
215 1151 352 1225 sionem,
395 1158 433 1214 ut
476 1148 642 1215 Catilinae
684 1149 892 1235 profectione
935 1153 1047 1215 omnia
1086 1152 1292 1236 patefacta,

216 1255 402 1330 inlustrata,
420 1276 585 1339 oppressa,
603 1254 774 1320 vindicata
792 1276 863 1319 csse
881 1255 1034 1320 videatis.

164 1361 203 1422 33
261 1358 364 1424 Hisce
392 1359 569 1434 ominibus
588 1358 745 1435 Catilina,
775 1381 852 1424 curn
879 1382 1011 1423 summa
1038 1362 1086 1425 rei
1113 1362 1289 1445 publicae

215 1464 333 1539 salute,
366 1484 443 1527 curn
474 1469 533 1527 tua
562 1470 656 1547 peste
697 1484 735 1527 ac
776 1465 920 1547 pernicie
965 1487 1109 1549 cumque
1150 1487 1286 1531 eorum

217 1568 330 1643 exitio,
360 1568 418 1651 qui
446 1589 480 1631 se
509 1574 621 1631 tecum
650 1568 741 1629 omni
769 1568 893 1631 scelere
923 1568 1167 1652 parricidioque
1199 1571 1286 1633 iun-

166 1683 195 1727 30
217 1678 350 1746 xerunt,
379 1671 586 1755 proficiscere
619 1670 661 1733 ad
692 1672 830 1754 impium
863 1672 987 1734 bellurn
1019 1694 1056 1736 ac
1087 1671 1280 1738 nefarium.

217 1775 280 1848 Tu,
299 1774 461 1858 luppiter,
479 1775 538 1859 qui
567 1773 673 1838 isdem
701 1773 824 1857 quibus
853 1775 932 1838 hacc
961 1776 1039 1839 urbs
1067 1777 1231 1861 auspiciis
1258 1802 1281 1842 a

217 1879 361 1942 Romulo
393 1900 427 1941 es
460 1879 679 1954 constitutus
709 1900 810 1962 quem
848 1877 1013 1942 Statorem
1043 1880 1143 1944 huius
1176 1882 1278 1948 urbis

216 1990 319 2066 atque
352 1983 483 2065 imperii
509 2004 586 2046 vere
609 1982 830 2057 nominamus
857 1982 947 2046 hunc
972 1990 1007 2046 ct
1031 1983 1132 2047 huius
1158 1987 1276 2051 socios

217 2109 235 2150 a
252 2086 320 2150 tuis
336 2087 522 2170 ceterisque
549 2086 692 2171 templis
711 2108 731 2149 a
747 2087 845 2150 tectis
862 2085 953 2149 urbis
981 2109 1018 2150 ac
1046 2088 1232 2163 moenibus
1252 2113 1275 2154 a

166 2204 194 2249 35
218 2193 286 2256 vita
317 2190 531 2275 fortunisque
559 2191 684 2254 civium
711 2190 838 2254 arcebis
865 2202 900 2254 ct
926 2191 1077 2255 homines
1104 2192 1296 2257 bonorum

217 2297 380 2370 inimicos,
405 2296 510 2359 hostis
535 2296 671 2380 patriae,
696 2295 843 2360 latrones
867 2295 986 2360 ltaliae
1013 2296 1177 2359 scelerum
1201 2296 1272 2361 loc-

218 2400 295 2464 dere
323 2401 411 2463 inter
433 2422 467 2463 se
491 2422 528 2464 ao
557 2399 685 2464 nefaria
711 2400 870 2464 societate
899 2401 1095 2463 coniunctos
1122 2401 1268 2465 aeternis

217 2502 390 2587 suppliciis
406 2504 501 2567 vivos
518 2510 736 2587 mortuosque
752 2502 921 2567 mactabis.
