2800 4367
448 352 529 403 cir.
552 353 641 414 cess,
666 354 681 414 s
704 353 822 404 raaia.
1144 341 1206 408 241

76 524 179 588 euius
209 530 486 590 monumentum
501 523 765 590 celeberrumum
782 525 816 588 in
839 524 922 602 foro,
939 525 1157 611 sepulchrum
1178 544 1193 590 1

77 629 386 695 desertissumum
399 629 540 694 inlitore
553 630 763 716 Dyrrachino
776 629 931 694 relictum
943 638 1004 695 est.
1037 630 1154 717 Atque
1226 687 1229 724 =

79 735 173 798 hunc
200 742 334 799 tamen
358 732 555 820 flagrantem
585 733 713 798 invidia
743 741 879 818 propter
908 733 1083 798 interitum
1115 735 1154 800 O.
1226 735 1228 753 '

26 894 27 897 ,
80 838 242 903 Gracchi
253 859 396 923 semper
405 839 476 923 ipse
488 838 635 923 populus
645 838 816 902 Romanus
824 838 973 923 periculo
982 837 1153 916 liberavit3

79 943 145 1006 alia
173 943 363 1029 quaedam
394 943 500 1008 civem
527 944 701 1030 egregium
727 943 836 1028 iniqui
865 941 981 1006 iudicii
1008 944 1154 1027 procella
1225 925 1228 935 Α

79 1049 275 1131 pervertit.
328 1047 441 1113 Ceteri
457 1069 535 1113 vero
551 1055 611 1111 aut
626 1047 802 1132 repentina
815 1048 849 1113 vi
860 1047 1006 1132 perculsi
1021 1069 1059 1112 ac
1076 1055 1156 1114 tem·
1178 1065 1207 1111 ιο

79 1159 226 1237 pestate
260 1153 423 1239 populari
453 1175 512 1238 per
541 1152 706 1238 populum
736 1159 849 1217 tamen
874 1153 984 1236 ipsum
1012 1153 1152 1217 recreati

79 1266 167 1322 sunt
191 1265 313 1343 atque
337 1258 484 1322 revocati
506 1264 567 1321 aut
597 1257 733 1321 omnino
763 1255 965 1322 involuerati
989 1255 1154 1322 inviolati-

80 1383 150 1446 que
167 1362 360 1426 vixernnt.
407 1360 458 1424 At
479 1381 557 1424 vero
581 1360 615 1435 ii,
632 1359 692 1444 qui
715 1365 853 1424 senatus
878 1358 1067 1436 consilium,
1090 1361 1150 1445 qui

79 1466 343 1531 auctoritatem
364 1464 538 1541 bonorum,
562 1463 623 1550 qui
638 1463 797 1528 instituta
812 1463 974 1527 maiorum
998 1463 1154 1549 neglexe-

80 1579 168 1636 runt
200 1576 242 1634 et
274 1569 451 1653 imperitae
475 1574 535 1633 aut
561 1568 748 1634 concitatae
777 1566 989 1632 multitudini
1014 1566 1205 1631 iucundius

81 1699 157 1741 esse
195 1675 402 1749 voluerunt,
433 1694 547 1737 omnes
578 1671 647 1738 iere
678 1672 727 1736 rei
758 1671 910 1756 publicae
941 1693 1065 1756 poenas
1092 1680 1153 1736 aut

79 1781 273 1866 praesenti
290 1784 396 1843 morte
417 1785 477 1842 aut
499 1777 591 1862 turpi
607 1777 710 1842 exilio
734 1775 978 1862 dependerunt.
1024 1775 1153 1856 Quodsi
1171 1781 1225 1842 141

26 1874 27 1891 ³
79 1886 183 1971 apud
211 1883 449 1958 Atheniensis,
465 1881 616 1946 homines
636 1880 781 1946 Graecos
809 1881 909 1967 longe
927 1902 946 1944 a
962 1889 1152 1946 nostrorum

79 1991 279 2054 hominum
309 1987 475 2072 gravitate
503 1984 680 2061 diiunctos,
713 2005 780 2047 non
811 1984 960 2061 deerant,
993 1987 1052 2070 qni
1082 2007 1151 2051 rem

79 2095 274 2179 publicam
289 2098 407 2155 contra
429 2091 545 2175 populi
569 2091 792 2155 temeritatem
820 2089 1051 2167 defenderent,
1076 2111 1152 2155 eum
1175 2107 1204 2152 a)

79 2220 226 2273 omnes„
245 2197 309 2280 qni
335 2197 383 2260 ita
406 2194 565 2271 fecerant,
589 2217 607 2260 e
631 2195 768 2260 civitate
792 2195 991 2273 eicerentur,
1014 2197 1043 2261 si
1067 2195 1153 2261 The-

79 2303 293 2368 mistoclem
317 2300 423 2374 illum,
440 2305 707 2364 conservatorem
732 2300 869 2383 patriae,
893 2321 961 2363 non
984 2299 1150 2365 deterruit
1219 2383 1224 2390 ,

79 2433 100 2473 a
130 2432 171 2473 re
206 2406 347 2491 publica
374 2403 585 2469 defendenda
612 2426 674 2470 nec
700 2403 848 2469 Miltiadi
877 2404 1056 2482 calamitas,
1089 2407 1149 2491 qui
1221 2471 1223 2482 ἶ

79 2515 187 2577 illam
235 2511 412 2574 civitatem
453 2509 554 2593 paulo
591 2516 670 2573 ante
706 2515 865 2585 servarat,
906 2530 967 2574 nec
1005 2509 1149 2575 Aristidi

80 2619 188 2704 fuga,
210 2615 275 2700 qui
297 2635 386 2678 unus
410 2615 559 2677 omnium
585 2613 789 2678 iustissimus
812 2613 916 2678 fuisse
944 2613 1099 2691 traditur,
1124 2616 1152 2680 si
1174 2632 1203 2677 aa

81 2729 216 2807 postea
239 2718 365 2783 summi
390 2717 540 2782 eiusdem
566 2718 715 2784 civitatis
742 2719 815 2795 viri,
840 2738 925 2803 quos
952 2718 1151 2782 nominatim
1216 2793 1218 2797 ,

81 2824 265 2910 appellari
288 2843 356 2886 non
379 2829 433 2887 est
455 2843 599 2900 necesse,
625 2823 805 2908 propositis
827 2828 879 2886 tot
905 2822 1068 2907 exemplis
1091 2823 1151 2886 ira-

82 2923 245 2996 cundiae
262 2927 480 3013 levitatisque
498 2928 669 3014 popularis
694 2934 806 2992 tamen
832 2948 927 2990 suam
950 2949 1019 2992 rem
1042 2926 1169 3012 publi-¹

82 3058 166 3100 eam
195 3033 293 3096 illam
315 3030 551 3109 defenderunt,
572 3031 657 3118 quid
680 3052 740 3096 nos
763 3031 898 3096 tandem
922 3030 1031 3097 facere
1055 3031 1150 3098 debe·

83 3162 168 3204 mus
204 3137 355 3223 primum
391 3138 427 3200 in
457 3158 496 3201 ea
534 3137 671 3201 civitate
711 3136 792 3212 nati,
831 3135 920 3200 unde
959 3143 1032 3200 orta
1070 3137 1152 3200 mihi
1174 3153 1204 3197 30

83 3243 251 3331 gravitas
282 3246 317 3305 et
346 3240 542 3327 magnitudo
572 3241 675 3304 animi
714 3239 859 3317 videtur,
891 3247 966 3305 tum
995 3242 1031 3304 in
1055 3248 1150 3306 tanta

84 3348 208 3434 gloria
246 3346 451 3422 insistentes,
487 3352 528 3409 ut
564 3345 675 3410 omnia
709 3344 855 3410 humana
884 3346 1012 3411 leviora
1042 3344 1149 3410 videri

85 3452 256 3527 debeant,
282 3449 402 3515 deiude
433 3449 476 3515 ad
507 3472 579 3541 eam
610 3472 680 3514 rem
711 3449 879 3534 publicam
910 3448 1070 3514 tuendam
1095 3449 1150 3522 ad·

86 3556 218 3643 gressi,
245 3575 331 3639 quae
355 3561 450 3620 tanta
474 3554 641 3641 dignitate
663 3560 724 3631 est,
749 3561 789 3619 ut
815 3575 887 3618 eam
911 3553 1150 3619 defendentem

87 3657 255 3723 occidere
285 3657 488 3728 laudabilius
525 3659 571 3722 sit
607 3681 710 3744 quam
748 3666 1002 3744 oppugnantem
1039 3679 1149 3724 rerum
1171 3673 1200 3718 35

26 3782 27 3851 j
87 3762 226 3848 potiri?

26 3896 27 3951 ἦ
136 3882 279 3933 LXVIII.
303 3864 466 3933 Homines
483 3864 613 3943 Graeci,
625 3888 711 3955 qnos
723 3872 821 3933 antea
837 3868 1019 3948 nominavi,
1035 3869 1151 3958 inique
1163 3869 1218 3932 142
