2800 4367
477 357 557 411 oar.
583 358 670 423 39-41,
694 362 709 424 l
730 358 818 414 acea
1162 347 1205 415 69

92 528 253 611 violavit,
277 528 305 597 si
328 527 464 608 nemini,
482 538 522 596 ut
545 532 715 615 levissime
737 532 857 610 dicam,
878 532 955 599 odio
978 556 1039 599 nec
1062 533 1153 598 domi

92 658 162 701 nec
180 637 319 703 militiae
338 636 415 713 fuit,
432 637 477 701 sit
492 636 583 721 apud
608 658 668 702 vos
694 636 876 703 modestiae
902 638 1007 715 locus,
1029 639 1074 703 sit
1100 638 1154 704 de-

91 742 202 805 misso
226 743 337 805 animo
361 740 565 828 perfugium,
585 741 632 807 sit
656 741 823 805 auxilium
845 741 977 826 pudori.
1023 741 1153 808 Miseri·
1174 760 1204 805 25

91 845 247 909 cordiam
285 846 440 930 spoliatio
470 846 667 911 consulatus
699 868 855 931 magnam
888 846 1009 912 habere
1040 847 1150 924 debet,

91 947 248 1025 iudices;
281 971 348 1013 una
378 950 467 1014 enim
496 951 688 1034 eripiuntur
709 972 786 1014 cum
815 951 994 1015 consulatu
1019 954 1149 1028 omnia3

90 1053 262 1118 invidiam
287 1076 366 1119 vero
397 1054 450 1119 his
480 1054 688 1138 temporibus
711 1053 832 1119 habere
862 1056 1056 1121 consulatus
1078 1058 1149 1140 ipse

90 1158 228 1221 nullam
244 1165 376 1243 potest;
401 1158 543 1223 obicitur
560 1159 649 1223 enim
665 1158 880 1223 contionibus
902 1159 1148 1236 seditiosorum,

89 1260 229 1327 insidiis
246 1264 507 1339 coniuratorum,
523 1262 600 1327 telis
625 1261 802 1339 Catilinae,
818 1262 861 1327 ad
883 1285 980 1329 omne
1003 1264 1148 1350 denique
1172 1280 1202 1325 30

89 1352 286 1449 periculum
310 1374 412 1451 atque
437 1366 478 1431 ad
503 1388 634 1431 omnem
658 1367 817 1430 iniuriam
839 1368 932 1431 solus
956 1370 1146 1453 opponitur.

92 1468 213 1548 Quare
231 1470 313 1554 quid
330 1470 552 1535 invidendum
569 1470 731 1537 Murenae
746 1476 809 1536 aut
823 1473 981 1556 cuiquam
996 1481 1147 1538 nostrum
1159 1476 1200 1539 88

88 1574 142 1637 sit
157 1576 192 1638 in
210 1575 273 1639 hoc
289 1576 459 1660 praeclaro
475 1576 664 1652 consulatu,
681 1598 750 1641 non
766 1576 875 1654 video,
892 1577 1037 1653 iudices;
1061 1600 1148 1662 quae

89 1700 178 1742 vero
195 1678 382 1743 miseranda
404 1686 495 1756 sunt,
511 1700 550 1744 ea
574 1687 609 1744 et
631 1680 712 1744 mihi
736 1688 815 1745 ante
839 1681 954 1746 oculos
970 1690 1147 1747 versantur

90 1792 130 1847 et
153 1770 215 1847 ¹vos
240 1780 353 1848 videre
381 1792 415 1848 et
446 1786 633 1868 perspicere
665 1787 815 1869 potestis.
878 1804 952 1849 xor.
976 1785 1022 1862 Si,
1054 1787 1146 1871 quod

91 1886 372 1971 Iuppiteromen
395 1886 546 1953 avertat!
571 1888 662 1954 hunc
687 1891 807 1954 vestris
830 1892 1008 1955 sententiis
1031 1890 1146 1955 adflix-

90 1992 199 2066 eritis‚
217 2014 284 2076 quo
301 2013 336 2056 se
360 1993 459 2057 miser
483 1993 621 2057 vertet?
644 1978 860 2058 domumne?
873 2000 913 2057 ut
935 2016 1007 2058 earn
1032 1996 1146 2081 imagi-

91 2116 173 2158 nem
205 2096 378 2159 clarissimi
412 2097 483 2173 viri‚
515 2098 662 2181 parentis
693 2098 757 2172 sui,
788 2118 889 2182 quam
921 2100 1035 2181 paucis
1066 2107 1144 2164 ante

91 2197 216 2263 diebus
233 2198 416 2264 laureatam
430 2200 464 2263 in
481 2221 542 2264 sua
559 2201 786 2287 gratulatione
803 2202 989 2285 conspexit,
1008 2201 1145 2266 eandem
1183 2218 1198 2263 5

91 2301 316 2365 deformatam
338 2303 523 2391 ignominia
557 2303 809 2391 lugentemque·
824 2303 961 2369 videat?
1023 2306 1077 2367 An
1102 2306 1145 2369 ad

91 2414 246 2483 matrem,
271 2428 357 2492 quae
389 2409 509 2473 misera
533 2408 631 2473 modo
656 2409 828 2473 consulem
857 2408 1008 2473 osculata
1038 2409 1144 2472 filium

89 2533 193 2575 suurn
219 2534 309 2577 nunc
333 2514 503 2578 cruciatur
525 2522 560 2579 et
580 2514 724 2579 sollicita
746 2520 807 2589 est,
824 2535 866 2577 ne
883 2512 1028 2577 eundem
1044 2514 1144 2597 paulo

90 2623 172 2701 post
194 2618 375 2702 spoliatum
397 2618 489 2683 omni
513 2618 679 2705 dignitate
704 2617 911 2701 conspiciat?
958 2616 1024 2682 Sed
1058 2618 1143 2701 quid
1157 2618 1197 2683 89

91 2743 157 2807 ego
174 2730 314 2787 matrem
330 2724 403 2787 eius
420 2731 480 2787 aut
496 2722 632 2788 domum
649 2722 791 2807 appello,
809 2743 910 2806 quern
927 2742 1015 2786 nova
1038 2743 1145 2805 poena
1170 2739 1197 2783 10

91 2825 180 2911 legis
190 2833 226 2890 et
234 2825 332 2890 domo
343 2834 378 2891 et
390 2834 527 2911 parente
540 2835 576 2892 et
588 2828 735 2891 omnium
748 2847 887 2909 suorum
898 2824 1142 2891 consuetudine

92 2938 346 3015 conspectuque
374 2931 507 3015 privat?
554 2930 623 2995 Ibit
656 2931 760 3016 igitur
790 2930 824 2991 in
857 2928 998 2993 exilium
1021 2931 1145 2994 miser?

93 3031 200 3111 Quo?
227 3033 269 3097 ad
300 3034 482 3099 orientisne
516 3035 631 3119 partis,
663 3035 697 3096 in
730 3033 854 3117 quibus
884 3054 988 3097 annos
1019 3035 1144 3099 multos

92 3137 227 3223 legatus
245 3136 322 3214 fuit,
340 3139 508 3202 exercitus
531 3137 640 3213 duxit,
660 3158 712 3201 res
737 3137 898 3201 maximas
923 3137 1048 3223 gessit?
1094 3138 1145 3204 At

92 3239 196 3305 habet
219 3256 379 3329 magnum
407 3242 564 3318 dolorem,
589 3240 678 3305 unde
703 3262 779 3305 cum
804 3241 929 3305 honore
953 3240 1143 3319 decesseris,
1167 3260 1196 3304 15

93 3344 212 3409 eodem
244 3367 320 3410 cum
352 3347 537 3433 ignominia
559 3346 691 3410 reverti.
739 3346 795 3409 An
820 3368 855 3411 se
879 3347 913 3408 in
941 3348 1141 3410 contrariam

92 3457 223 3533 partem
247 3455 412 3515 terrarum
436 3449 545 3525 abdet,
571 3457 611 3513 ut
639 3448 752 3519 Gallia
779 3450 1011 3533 Transalpina,
1039 3472 1140 3535 quern

93 3574 202 3638 nuper
216 3575 348 3618 summo
364 3576 440 3618 cum
457 3532 595 3638 imperio
612 3551 832 3618 libentissime
849 3552 982 3629 viderit,
999 3554 1144 3618 eundem

93 3656 279 3745 lugentem,
306 3665 523 3734 maerentem,
550 3657 684 3721 exulem
710 3656 848 3721 videat?
911 3657 951 3719 In
982 3680 1021 3721 ea
1044 3680 1142 3741 porro

95 3756 266 3845 provincia
277 3783 346 3846 quo
359 3763 470 3826 animo
483 3760 521 3824 O.
533 3760 711 3825 Murenam
723 3759 859 3824 fratrem
872 3782 971 3824 suurn
983 3762 1144 3845 aspiciet?
1166 3777 1201 3822 au·

96 3864 162 3945 Qui
179 3866 281 3930 huius
298 3865 403 3943 dolor,
420 3867 480 3950 qui
497 3865 589 3928 illius
613 3886 742 3928 maeror
764 3865 837 3940 erit,
855 3885 940 3947 quae
964 3866 1142 3950 utriusque
