2800 4367
183 293 227 359 90
441 307 483 360 IN
505 307 719 360 CATILINAM
742 305 883 358 ORATIO
904 306 1070 368 QUARTA.

237 481 348 567 ipsum
362 481 505 548 latorem
520 481 737 567 Semproniae
752 480 837 568 legis
862 481 995 546 iniussu
1020 480 1143 566 populi
1167 498 1286 566 poenae
1347 516 1348 570 l

183 599 214 646 ar
235 587 283 652 rei
298 586 451 671 publicae
467 585 677 672 dependisse.
724 584 817 650 Idem
840 585 951 670 ipsum
976 584 1179 661 Lentulum,
1197 582 1287 669 largi·
1347 571 1350 613 l

236 697 343 754 torem
358 699 394 755 et
411 689 600 778 prodigum,
617 711 684 754 non
708 697 816 776 putat,
832 710 909 753 cum
932 687 974 753 de
998 689 1153 774 pernicie
1176 685 1288 774 populi

237 793 389 871 Romani,
406 795 511 860 exitio
526 794 628 860 buius
650 793 744 860 urbis
769 801 837 858 tam
864 792 992 869 acerbe,
1009 801 1080 856 tam
1105 792 1289 858 crudeliter

236 899 402 984 cogitarit,
433 899 535 963 etiam
566 897 726 984 appellari
765 919 861 984 posse
900 897 1109 981 popularem.
1172 897 1289 980 Itaque

236 1001 336 1066 homo
351 1003 548 1068 mitissimus
563 1011 666 1088 atque
690 1001 882 1072 lenissimus
906 1023 973 1064 non
995 1000 1139 1066 dubitat
1156 1001 1193 1064 P.
1212 1001 1291 1064 Len-

183 1120 213 1165 uo
235 1107 345 1172 tulum
369 1108 513 1172 aeternis
538 1107 684 1171 tenebris
701 1107 914 1191 vinculisque
939 1103 1099 1171 mandare
1127 1114 1166 1170 et
1185 1105 1291 1170 sancit

235 1211 270 1279 iu
286 1219 467 1296 posterum,
484 1233 527 1276 ne
542 1211 620 1296 quis
634 1210 736 1276 buius
751 1211 917 1296 supplicio
934 1209 1080 1275 levando
1104 1232 1144 1276 se
1170 1211 1291 1275 iactare
1358 1220 1359 1252 ἒ

236 1317 331 1380 etin
357 1317 503 1401 pernicie
530 1316 647 1401 populi
675 1316 818 1380 Romani
846 1313 985 1399 posthac
1012 1315 1194 1399 popularis
1221 1335 1290 1380 esse

235 1420 351 1503 possit.
405 1420 578 1506 Adiungit
607 1421 708 1484 etiam
744 1419 1007 1504 publicationem
1045 1417 1229 1496 bonorum,
1255 1425 1293 1481 ut

236 1525 343 1588 omnis
372 1524 475 1587 animi
505 1525 675 1588 cruciatus
705 1529 740 1588 et
769 1524 915 1609 corporis
949 1523 1050 1588 etiam
1085 1531 1224 1610 egestas
1255 1543 1290 1586 ao
1356 1514 1358 1586 Ῐ

183 1639 213 1686 3⁵
234 1626 430 1692 mendicitas
454 1635 690 1712 consequatur.
886 1693 893 1704 ‚
1355 1670 1357 1720 ,

185 1730 220 1791 11
278 1747 327 1794 vl.
359 1731 471 1811 Quam
487 1732 625 1808 obrem,
641 1733 713 1797 sive
729 1731 792 1796 hoc
807 1731 1006 1807 eminentie,
1023 1729 1192 1796 dederitis
1208 1730 1289 1794 mihi
1356 1758 1357 1784 r

234 1835 389 1898 comitem
404 1835 448 1900 ad
475 1838 665 1901 contionem
691 1836 818 1920 populo
835 1855 948 1900 carum
964 1842 1067 1920 etque
1083 1835 1286 1910 iucundum,
1353 1828 1359 1914 l

234 1939 305 2003 sive
321 1938 426 2002 Silani
442 1941 646 2005 sententiam
661 1941 758 2024 sequi
785 1940 979 2014 malueritiS,
993 1939 1092 2004 facile
1110 1961 1166 2004 me
1183 1950 1287 2026 atque
1355 1926 1356 1972 l

235 2063 293 2106 vos
323 2064 343 2106 a
373 2044 582 2109 crudelitatis
609 2045 857 2129 vituperatione
882 2044 1007 2128 populo
1032 2043 1187 2108 Romano
1212 2067 1287 2129 pur-

196 2146 319 2232 agabo
356 2155 458 2233 atque
496 2148 654 2213 obtinebo
696 2170 768 2213 eam
815 2149 922 2212 multo
967 2148 1129 2212 leniorem
1168 2149 1287 2214 fuisse.
1346 2214 1348 2217 ,

235 2250 458 2337 Quamquam,
488 2260 599 2338 patres
638 2254 829 2338 conscripti,
861 2275 947 2337 quae
986 2259 1098 2338 potest
1137 2275 1211 2318 esse
1253 2255 1285 2316 in

234 2357 320 2420 tanti
350 2358 484 2422 sceleris
515 2359 712 2424 inmanitate
744 2357 914 2444 punienda
944 2356 1153 2421 crudelitas?
1210 2359 1286 2444 Ego

233 2461 322 2524 enim
338 2459 380 2525 de
395 2483 469 2526 meo
484 2484 586 2528 sensu
603 2463 724 2527 iudico.
771 2460 801 2522 N
804 2481 857 2523 am
874 2461 921 2524 ita
936 2461 1017 2524 mihi
1033 2461 1179 2527 salvare
1204 2462 1286 2547 pub

233 2564 299 2628 lica
314 2564 486 2629 vobiscum
501 2566 629 2650 perfrui
645 2566 753 2640 liceat,
771 2572 810 2628 ut
827 2585 900 2649 ege,
918 2565 1008 2649 quod
1035 2567 1068 2628 in
1095 2565 1158 2630 hac
1183 2587 1285 2631 causa

183 2682 213 2728 ιο
233 2668 464 2733 vehementior
487 2692 572 2745 aum,
599 2690 666 2733 non
697 2670 872 2734 atrocitate
894 2670 997 2732 animi
1022 2691 1159 2734 moveor
1185 2673 1283 2756 (quis

233 2773 321 2836 enim
353 2781 405 2838 est
434 2795 486 2837 me
518 2774 686 2857 mitiori),
714 2773 773 2838 sed
804 2775 967 2859 singulari
994 2772 1136 2857 quadam
1168 2774 1284 2838 huma·

233 2878 340 2942 nitate
356 2884 391 2942 et
414 2877 648 2942 misericordia.
695 2876 825 2942 Videor
849 2878 937 2942 eninr
965 2877 1046 2940 mihi
1063 2876 1177 2941 videre
1196 2879 1281 2942 hanc

233 2981 359 3057 urbem,
391 2981 501 3046 lucem
533 2981 621 3044 orbis
652 2989 816 3046 terrarum
849 2988 950 3067 atque
990 3003 1098 3046 arcem
1130 2984 1280 3046 omnium

232 3087 396 3171 gentium,
413 3085 525 3149 subito
541 3107 610 3148 uno
626 3085 780 3150 incendio
796 3086 1036 3161 concidentem,
1054 3105 1154 3149 cerno
1170 3087 1279 3149 animo

182 3205 210 3250 15
232 3190 366 3273 sepulta
395 3190 430 3252 in
462 3190 570 3274 patria
601 3190 739 3254 miseros
777 3197 879 3274 atque
918 3189 1106 3274 insepultos
1143 3209 1277 3254 acervos

233 3294 368 3369 civium,
386 3301 539 3358 versatur
554 3293 635 3356 mihi
651 3301 729 3358 ante
756 3295 870 3358 oculos
897 3301 1052 3379 aspectus
1078 3291 1222 3379 Cethegi
1246 3301 1278 3358 et

182 3396 219 3458 12
233 3392 327 3456 furor
341 3394 376 3455 in
397 3401 509 3458 vestra
533 3393 634 3458 caede
657 3392 859 3458 bacchantis.
906 3393 992 3457 Cum
1009 3413 1088 3459 vero
1110 3393 1192 3456 mibi
1210 3415 1277 3478 pro·

232 3498 328 3581 posui
344 3505 539 3583 regnantem
556 3497 750 3573 Lentulum,
767 3498 855 3562 sicut
877 3498 948 3582 ipse
973 3520 1007 3563 se
1035 3521 1077 3563 ex
1104 3497 1185 3562 fatis
1209 3519 1276 3582 spe·
1359 3537 1361 3615 p

231 3621 320 3664 rasse
344 3600 517 3667 confessus
543 3610 604 3678 est,
631 3609 852 3687 purpuratum
877 3623 947 3665 esse
979 3601 1056 3665 huic
1085 3601 1271 3674 Gabinium,
1355 3615 1359 3696 J

180 3719 210 3765 20
232 3727 309 3768 cum
340 3707 490 3771 exercitu
519 3708 650 3772 venisse
683 3705 874 3783 Catilinam,
901 3713 973 3768 tum
1005 3706 1270 3770 lamentationem
1356 3697 1358 3754 l

231 3817 375 3875 matrum
406 3810 562 3887 familiae,
588 3818 662 3874 tum
686 3809 802 3894 fugam
829 3810 999 3893 virgiuum
1031 3817 1132 3890 atque
1163 3830 1271 3892 puero
