2800 4367
505 335 586 391 cnr.
608 339 664 404 as,
688 341 703 404 s
726 341 797 396 r-n.
1160 329 1224 400 249

73 529 137 572 non
150 507 388 588 didicimus,
400 511 602 596 accepimus,
610 513 765 600 legimus,
778 536 895 580 verum
908 537 951 582 ex
964 523 1085 582 natura
1100 519 1172 606 ipsa

75 614 319 699 arripuimus,
339 615 534 693 hausimus,
550 618 786 703 expressimus,
802 619 845 684 ad
861 642 962 706 quam
988 643 1055 687 non
1072 623 1172 705 docti,
1196 641 1224 688 15

76 718 131 782 sed
159 717 276 796 iacti,
306 741 389 784 non
417 720 578 797 instituti,
601 722 662 788 sed
688 722 809 790 imbuti
837 746 964 804 sumus,
983 737 1032 808 ut,
1049 733 1078 797 si
1101 733 1172 798 vita

77 832 195 888 nostra
212 825 261 887 in
280 825 432 910 aliquas
447 824 595 904 insidias,
610 828 640 892 si
655 829 690 891 in
708 829 776 894 vim
793 830 879 895 etin
903 832 969 898 tela
991 845 1051 904 aut
1073 837 1172 904 latro

78 951 158 992 num
193 937 272 994 aut
309 929 534 994 inimieorum
563 931 745 1008 incidisset,
775 937 882 1002 omnis
916 937 1057 1007 honesta
1086 945 1170 1008 ratio

78 1043 167 1098 esset
185 1033 452 1120 expediendas
468 1035 596 1101 salutis.
642 1035 754 1102 Silent
767 1041 857 1104 enirn
873 1043 965 1132 leges
981 1047 1069 1112 inter
1080 1069 1170 1112 arma
1188 1053 1222 1114 11

80 1165 137 1206 nec
167 1164 213 1206 sc
250 1140 445 1226 expectari
476 1140 602 1219 iubent,
626 1164 703 1206 cum
731 1145 772 1222 ei,
790 1149 849 1234 qui
877 1159 1053 1236 expectare
1078 1153 1170 1229 velit,
1193 1167 1223 1212 ao

80 1256 157 1311 ante
186 1246 346 1309 iniusta
374 1266 483 1329 poena
508 1245 633 1310 luenda
659 1249 706 1312 sit
730 1274 832 1338 quam
860 1254 949 1320 iusta
975 1256 1165 1340 repetenda.

81 1351 155 1415 Etsi
173 1349 439 1436 persapienter
461 1355 497 1414 et
518 1349 664 1436 quodam
691 1355 790 1422 modo
814 1359 915 1424 tacite
935 1358 994 1424 dat
1016 1360 1088 1444 ipsa
1111 1359 1167 1426 lex

81 1463 314 1541 potestatem
331 1451 550 1533 defendendi,
563 1479 649 1543 quae
667 1483 734 1526 non
751 1462 850 1526 modo
866 1461 1034 1528 hominem
1050 1463 1167 1540 occidi,

81 1561 141 1625 sed
166 1582 256 1626 esse
291 1579 377 1623 cum
404 1558 472 1623 telo
499 1559 642 1628 hominis
673 1563 847 1631 occidendi
875 1588 974 1632 causa
998 1575 1101 1644 vetat,
1118 1575 1167 1645 ut,

82 1690 162 1731 cum
181 1686 318 1740 causa,
335 1685 406 1728 non
429 1665 536 1729 telum
561 1677 788 1754 quaereretur,
806 1671 865 1754 qui
888 1672 940 1736 sui
964 1670 1168 1736 defendendi
1191 1687 1221 1733 as

82 1794 190 1836 causa
228 1771 313 1835 telo
345 1776 435 1834 esset
466 1793 558 1848 usus,
587 1795 654 1838 non
687 1773 831 1840 hominis
862 1774 1035 1840 occidendi
1066 1797 1167 1840 causa

82 1880 261 1944 habuisse
282 1877 396 1943 telum
411 1876 627 1943 iudicaretur.
677 1876 891 1964 Quapropter
905 1878 967 1943 hoc
981 1888 1115 1944 maneat
1130 1880 1165 1944 in

82 2007 206 2058 causa,
226 1981 391 2057 iudices3
414 2004 482 2047 non
509 1983 598 2048 enirn
622 1981 751 2058 dubito,
769 1984 852 2068 quin
880 1981 1079 2068 probaturus
1102 1985 1165 2048 sim

84 2089 188 2154 vobis
223 2086 465 2152 defensionem
490 2109 608 2164 meam,
624 2087 653 2152 si
678 2085 713 2150 id
737 2087 963 2164 memineritis,
980 2087 1071 2172 quod
1088 2087 1167 2152 obli·

84 2195 176 2259 visci
196 2215 280 2257 non
297 2193 451 2276 potestis,
467 2192 695 2257 insidiatorem
713 2191 785 2257 iure
808 2191 950 2256 interfici
973 2213 1079 2276 posse.
1190 2209 1220 2252 ro

131 2317 173 2362 v.
214 2296 390 2380 Sequitur
404 2296 501 2374 illud,
514 2296 606 2382 quod
622 2319 642 2361 a
659 2295 797 2362 Milonis
813 2296 956 2360 inimicis
973 2297 1165 2380 saepissime
1184 2301 1219 2362 12

85 2403 243 2478 dicitur,
259 2399 411 2477 caedem,
427 2401 463 2465 in
480 2423 547 2487 qua
563 2400 601 2464 P.
620 2400 760 2466 Clodius
781 2400 910 2466 occisus
934 2407 994 2476 est,
1011 2408 1165 2465 senatum

86 2507 280 2572 iudicasse
296 2511 413 2571 contra
427 2527 497 2571 rem
513 2505 684 2592 publicam
700 2527 770 2571 esse
788 2504 921 2570 factam.
968 2503 1065 2568 Illarn
1083 2527 1163 2571 vero

88 2619 249 2677 senatus
281 2631 349 2674 non
376 2611 553 2676 sententiis
581 2612 651 2676 suis
678 2611 798 2688 solum,
822 2608 882 2675 sed
913 2609 1014 2674 etiam
1044 2610 1165 2675 studiis

90 2715 356 2802 comprobavit.
404 2713 570 2794 Quotiens
583 2716 673 2780 enim
689 2722 742 2780 est
757 2715 816 2778 illa
831 2736 931 2779 causa
947 2735 966 2778 a
983 2713 1077 2780 nobis
1093 2721 1167 2780 acta
1203 2729 1219 2774 s

91 2824 130 2884 in
148 2827 288 2886 senatu
312 2818 436 2904 quibus
458 2820 707 2886 assensionibus
737 2821 886 2886 universi
910 2819 1046 2895 ordinis,
1064 2842 1163 2908 quarn

94 2948 163 2990 nec
183 2924 305 2989 tacitis
321 2945 383 2989 nec
399 2924 559 2990 occultis!
607 2923 751 3004 Quando
775 2925 863 2990 enirn
888 2922 1162 3008 frequentissimo

94 3037 233 3095 senatu
259 3034 420 3113 quattuor
443 3035 504 3094 aut
528 3050 697 3094 summum
727 3029 879 3114 quinque
911 3037 993 3093 sunt
1022 3028 1163 3104 inventi,

96 3136 165 3219 qui
194 3132 338 3197 Milonis
364 3154 498 3198 causam
522 3155 588 3197 non
613 3132 819 3219 probarent?
867 3132 1049 3197 Declarant
1063 3130 1163 3197 huius

96 3236 261 3302 ambusti
277 3235 405 3300 tribuni
421 3238 466 3323 pl.
483 3238 560 3303 illae
577 3238 818 3302 intermortuae
842 3237 1025 3312 contiones,
1042 3237 1165 3322 quibus
1189 3254 1218 3299 10

98 3341 238 3407 cotidie
269 3361 377 3404 meam
405 3341 590 3426 potentiam
621 3341 787 3407 invidiose
821 3341 1069 3418 criminabatur,
1086 3364 1164 3406 curn

100 3446 243 3511 diceret
266 3451 420 3509 senatum
444 3467 524 3523 non,
541 3443 633 3531 quod
658 3446 809 3523 sentiret,
826 3443 895 3524 sed,
913 3443 1005 3531 quod
1020 3467 1082 3532 ego
1099 3447 1166 3512 vel-

101 3551 189 3623 lem,
206 3547 398 3613 decernere.
444 3549 541 3628 Quae
569 3549 705 3635 quidem
733 3550 762 3614 si
792 3551 944 3636 potentia
976 3557 1027 3616 est
1054 3552 1164 3637 appel-

101 3652 215 3718 landa
231 3653 344 3737 potius
360 3675 461 3738 quam
476 3662 536 3719 aut
550 3663 687 3740 propter
703 3677 825 3742 magna
841 3657 875 3719 in
899 3679 966 3721 rern
992 3655 1160 3741 publicam

104 3759 235 3823 merita
250 3757 424 3822 mediocris
440 3759 475 3821 in
490 3755 587 3824 bonis
607 3760 717 3824 causis
741 3761 922 3824 auctoritas
946 3768 1006 3824 aut
1028 3771 1165 3848 propter
1186 3769 1213 3814 1⁵

104 3864 173 3928 hos
189 3860 355 3928 officiosos
370 3861 499 3928 labores
515 3885 605 3928 meos
622 3885 688 3928 non
706 3864 800 3927 nulla
814 3863 904 3948 apud
920 3863 1023 3928 bonos
1040 3868 1158 3953 gratia,
