2800 4367
444 358 526 410 cur.
550 358 639 422 oreo,
662 355 677 417 t
700 359 820 412 raa-uc
1151 344 1214 412 233

69 531 236 596 dabatur.
296 531 349 596 Id
374 538 492 596 autem
515 532 702 616 spectaculi
726 553 835 618 genus
859 539 940 610 erat,
958 531 1051 618 quod
1073 534 1163 598 omni

71 636 293 722 frequentia
312 645 425 721 atque
441 636 533 700 omui
548 657 670 722 genere
687 636 861 702 bominum
881 637 1079 714 celebratur,
1096 659 1164 724 quo
1187 654 1217 700 ao

74 741 286 807 multitudo
307 741 461 805 maxime
485 739 682 805 delectatur.
729 740 770 804 In
793 739 883 805 hunc
906 763 1100 808 consessum
1124 741 1162 806 P.

76 844 218 909 Sestius
238 844 418 908 tribunus
434 844 491 928 pl,
504 865 580 908 cum
596 851 713 930 ageret
729 844 814 908 nihil
830 845 923 910 aliud
939 847 975 910 iu
991 867 1037 910 eo*
1047 847 1164 933 magis-

78 957 174 1013 tratu
191 950 275 1014 nisi
295 969 413 1012 meam
435 969 581 1025 causam,
597 948 693 1014 venit
715 955 751 1013 et
772 969 808 1014 se
832 949 957 1034 populo
978 948 1073 1014 dedit
1095 971 1163 1014 non

78 1053 234 1136 plausus
253 1051 467 1136 cupiditate,
479 1051 539 1116 sed
554 1060 594 1116 ut
608 1051 673 1136 ipsi
689 1053 816 1117 inimici
833 1054 937 1118 nostri
954 1054 1163 1120 voluntatem

82 1158 252 1222 universi
285 1156 408 1240 populi
437 1154 600 1221 viderent
648 1155 764 1232 Venit,
782 1164 822 1220 ut
845 1157 983 1234 scitis,a
1008 1158 1164 1224 columna
1186 1173 1215 1218 ar

84 1261 247 1326 Maeuia
304 1260 439 1324 Tantus
462 1267 515 1325 est
536 1281 580 1324 ex
604 1259 758 1325 omnibus
785 1262 985 1346 spectaculis
1013 1284 1121 1348 usque
1144 1285 1164 1326 a

86 1365 291 1450 Capitolio,
309 1371 427 1428 tantus
442 1386 486 1429 ex
501 1362 565 1428 fori
584 1365 743 1428 cancellis
767 1365 905 1449 plausus
929 1366 1106 1443 excitatus,
1123 1373 1164 1430 ut

87 1490 298 1554 numquam
315 1469 421 1532 maior
436 1469 612 1533 consensio
628 1477 689 1533 aut
711 1469 858 1553 apertior
881 1471 997 1554 populi
1021 1470 1162 1535 Romani

89 1573 262 1638 universi
279 1571 387 1637 fuisse
405 1572 475 1636 ulla
491 1572 525 1635 in
541 1593 642 1636 causa
657 1571 835 1636 diceretur.
885 1573 951 1638 Ubi
974 1582 1070 1638 erant
1092 1581 1165 1638 tum
1178 1579 1234 1642 125

90 1678 145 1740 illi
192 1676 400 1740 contionum
440 1675 674 1752 moderatores,
714 1676 828 1762 legum
866 1676 1003 1754 domini,
1039 1678 1163 1744 civium
1187 1695 1216 1740 so

92 1780 335 1866 expulsores?
356 1781 487 1844 aliusne
514 1786 567 1845 est
592 1779 715 1864 aliquis
737 1781 885 1865 inprobis
911 1781 1041 1847 civibus
1064 1805 1161 1868 pecu·

26 1872 27 1967 i
94 1886 199 1950 liaris
233 1885 392 1969 populus,
424 1886 480 1949 cui
510 1906 571 1950 nos
609 1883 731 1950 offensi
768 1886 936 1971 invisique
975 1885 1163 1952 fuerimus?

26 1972 27 2025 l
97 2008 178 2056 LIX
217 1988 390 2073 Equidem
413 1990 569 2055 existimo
592 1990 726 2054 nullum
753 1997 886 2075 tempus
913 2013 985 2056 esse
1008 1992 1164 2077 frequen-

26 2160 27 2165 ,
99 2096 206 2160 tiou's
230 2093 349 2178 populi
365 2115 468 2179 quam
491 2093 579 2159 illud
601 2093 838 2181 gladiatorium
862 2117 972 2180 neque
997 2098 1163 2162 contionis

25 2188 27 2231 ³
101 2202 218 2264 ullius
251 2220 361 2284 neque
385 2221 465 2266 vero
492 2201 638 2265 ullorum
669 2202 890 2266 comitiorum.
939 2201 1030 2267 Haec
1059 2205 1163 2290 igitur

102 2303 368 2369 innumerabilis
384 2305 560 2371 hominum
575 2306 770 2384 multitudo,
788 2307 869 2372 haec
886 2308 1001 2393 populi
1022 2308 1164 2374 Romani

103 2416 211 2472 tanta
232 2409 434 2494 significatio
457 2411 529 2474 sine
551 2410 622 2474 ulla
637 2411 799 2476 varietate
824 2412 983 2488 universi,
1000 2433 1076 2475 cum
1098 2411 1165 2476 illis
1202 2426 1217 2471 s

106 2514 197 2598 ipsis
212 2511 331 2577 diebus
347 2512 389 2578 de
406 2536 459 2580 me
475 2523 589 2586 actum
605 2517 645 2579 iri
668 2524 855 2601 putaretur,
873 2517 957 2602 quid
979 2516 1163 2582 declaravit

106 2618 180 2681 nisi
197 2623 414 2703 optumorum
436 2620 562 2686 civium
584 2621 731 2686 salutem
755 2629 790 2686 et
814 2620 1014 2708 dignitatem
1037 2622 1163 2706 populo

108 2722 268 2786 Romano
293 2743 403 2786 caram
428 2745 499 2788 essc
527 2725 711 2790 universo?
756 2725 807 2789 At
833 2748 912 2791 vero
940 2726 997 2790 ille
1024 2733 1166 2810 praetor,
1181 2729 1237 2790 126

109 2827 175 2911 qui
202 2826 246 2889 de
273 2847 324 2891 me
353 2840 420 2891 n'on
447 2829 561 2912 patris,
585 2830 650 2906 avi,
676 2831 800 2913 proavi,
830 2831 991 2895 maiorum
1019 2830 1163 2914 denique

109 2952 253 2994 suorum
270 2931 429 3008 omnium,
445 2931 507 2997 sed
523 2932 765 2998 Graeculorum
790 2935 948 2999 instituto
973 2935 1161 2999 contionem
1188 2950 1216 2994 10

110 3035 322 3121 interrogare
349 3035 487 3112 solebat,
516 3037 662 3102 velletne
690 3060 742 3103 me
770 3038 888 3115 redire,
916 3045 961 3115 et,
990 3060 1067 3104 cum
1091 3045 1164 3102 erat

111 3139 334 3203 reclamatum
345 3141 517 3206 semivivis
530 3143 832 3206 mercennariorum
842 3142 990 3220 vocibus,
1001 3143 1164 3229 populum

112 3242 307 3308 Romanum
334 3265 456 3331 negare
482 3244 623 3322 dicebat,
653 3247 681 3310 is
709 3268 786 3311 cum
814 3247 936 3311 cotidie
963 3247 1164 3334 gladiatores

111 3354 294 3430 spectaret,
305 3369 491 3433 numquam
502 3357 555 3414 est
566 3358 777 3434 conspectus,
789 3372 866 3414 cum
879 3351 1018 3416 veniret.
1055 3351 1166 3416 Emer-

113 3451 218 3535 gebat
232 3451 353 3529 subito,
371 3474 448 3517 cum
464 3452 528 3518 sub
543 3453 674 3519 tabulas
690 3453 913 3539 subrepserat,
931 3463 971 3519 ut
1190 3469 1218 3514 15

160 3597 318 3675 Mater,
336 3607 378 3663 te
401 3599 587 3684 appello

116 3757 270 3824 dicturus
301 3759 484 3825 videretur.
539 3761 659 3848 Itaque
690 3765 749 3828 illa
782 3765 836 3828 via
865 3766 1072 3844 latebrosior,
1098 3787 1165 3852 qua

117 3871 308 3943 spectatum
338 3864 395 3928 ille
423 3865 589 3943 veniebat,
618 3867 732 3952 Appia
761 3869 826 3931 iam
859 3870 1049 3935 vocabatur.
1097 3869 1162 3950 Qui
