<?xml version="1.0" encoding="UTF-8"?>
<!DOCTYPE html PUBLIC "-//W3C//DTD XHTML 1.0 Transitional//EN"
    "http://www.w3.org/TR/xhtml1/DTD/xhtml1-transitional.dtd">
<html xmlns="http://www.w3.org/1999/xhtml" xml:lang="en" lang="en">
 <head>
  <title>
</title>
<meta http-equiv="Content-Type" content="text/html;charset=utf-8" />
  <meta name='ocr-system' content='tesseract 3.04.00' />
  <meta name='ocr-capabilities' content='ocr_page ocr_carea ocr_par ocr_line ocrx_word'/>
</head>
<body>
  <div class='ocr_page' id='page_1' title='image "./selectedoration01cicegoog_0272.png"; bbox 0 0 2800 4367; ppageno 0'>
   <div class='ocr_carea' id='block_1_1' title="bbox 190 338 1063 405">
    <p class='ocr_par' dir='ltr' id='par_1_1' title="bbox 190 338 1063 405">
     <span class='ocr_line' id='line_1_1' title="bbox 190 338 1063 405; baseline 0.005 -4"><span class='ocrx_word' id='word_1_1' title='bbox 190 338 275 402; x_wconf 75' lang='lat'>2⁷0·</span> <span class='ocrx_word' id='word_1_2' title='bbox 453 351 525 400; x_wconf 83' lang='lat' dir='ltr'><strong>rso</strong></span> <span class='ocrx_word' id='word_1_3' title='bbox 548 352 578 400; x_wconf 86' lang='lat' dir='ltr'><strong>r.</strong></span> <span class='ocrx_word' id='word_1_4' title='bbox 601 351 722 401; x_wconf 77' lang='lat' dir='ltr'><strong>numo</strong></span> <span class='ocrx_word' id='word_1_5' title='bbox 745 351 892 402; x_wconf 82' lang='lat' dir='ltr'><strong>nmorm</strong></span> <span class='ocrx_word' id='word_1_6' title='bbox 915 353 1063 405; x_wconf 76' lang='lat' dir='ltr'><strong>omme.</strong></span> 
     </span>
    </p>
   </div>
   <div class='ocr_carea' id='block_1_2' title="bbox 183 522 1373 3957">
    <p class='ocr_par' dir='ltr' id='par_1_2' title="bbox 186 522 1372 815">
     <span class='ocr_line' id='line_1_2' title="bbox 186 522 1349 618; baseline 0.009 -34"><span class='ocrx_word' id='word_1_7' title='bbox 186 539 217 584; x_wconf 83' lang='lat'><strong>40</strong></span> <span class='ocrx_word' id='word_1_8' title='bbox 238 522 375 587; x_wconf 82' lang='lat' dir='ltr'><strong>cantur!</strong></span> <span class='ocrx_word' id='word_1_9' title='bbox 422 522 513 608; x_wconf 86' lang='lat' dir='ltr'><strong>Ergo</strong></span> <span class='ocrx_word' id='word_1_10' title='bbox 537 523 595 586; x_wconf 86' lang='lat' dir='ltr'><strong>illa</strong></span> <span class='ocrx_word' id='word_1_11' title='bbox 622 522 708 586; x_wconf 85' lang='lat' dir='ltr'><strong>falsa</strong></span> <span class='ocrx_word' id='word_1_12' title='bbox 731 522 881 600; x_wconf 84' lang='lat' dir='ltr'><strong>fuerunt,</strong></span> <span class='ocrx_word' id='word_1_13' title='bbox 906 546 991 608; x_wconf 88' lang='lat' dir='ltr'><strong>quae</strong></span> <span class='ocrx_word' id='word_1_14' title='bbox 1015 533 1104 590; x_wconf 90' lang='lat' dir='ltr'><strong>certe</strong></span> <span class='ocrx_word' id='word_1_15' title='bbox 1133 548 1212 592; x_wconf 88' lang='lat' dir='ltr'><strong>vera</strong></span> <span class='ocrx_word' id='word_1_16' title='bbox 1235 552 1315 594; x_wconf 85' lang='lat' dir='ltr'><strong>ex·</strong></span> <span class='ocrx_word' id='word_1_17' title='bbox 1346 611 1349 618; x_wconf 18' lang='lat'><strong>⁴</strong></span> 
     </span>
     <span class='ocr_line' id='line_1_3' title="bbox 240 626 1372 717; baseline 0.005 -26"><span class='ocrx_word' id='word_1_18' title='bbox 240 628 398 702; x_wconf 85' lang='lat' dir='ltr'><strong>titissent,</strong></span> <span class='ocrx_word' id='word_1_19' title='bbox 425 627 454 690; x_wconf 94' lang='lat' dir='ltr'><strong>si</strong></span> <span class='ocrx_word' id='word_1_20' title='bbox 486 626 570 689; x_wconf 88' lang='lat' dir='ltr'><strong>Milo</strong></span> <span class='ocrx_word' id='word_1_21' title='bbox 593 626 783 691; x_wconf 80' lang='lat' dir='ltr'><strong>admisisset</strong></span> <span class='ocrx_word' id='word_1_22' title='bbox 804 627 944 712; x_wconf 86' lang='lat' dir='ltr'><strong>aliquid,</strong></span> <span class='ocrx_word' id='word_1_23' title='bbox 970 628 1062 712; x_wconf 92' lang='lat' dir='ltr'><strong>quod</strong></span> <span class='ocrx_word' id='word_1_24' title='bbox 1085 651 1152 694; x_wconf 92' lang='lat' dir='ltr'><strong>non</strong></span> <span class='ocrx_word' id='word_1_25' title='bbox 1175 645 1315 717; x_wconf 87' lang='lat' dir='ltr'><strong>posset</strong></span> <span class='ocrx_word' id='word_1_26' title='bbox 1371 669 1372 682; x_wconf 33' lang='grc' dir='ltr'><strong>κ</strong></span> 
     </span>
     <span class='ocr_line' id='line_1_4' title="bbox 239 721 1372 815; baseline 0 -21"><span class='ocrx_word' id='word_1_27' title='bbox 239 731 377 796; x_wconf 81' lang='lat' dir='ltr'><strong>honeste</strong></span> <span class='ocrx_word' id='word_1_28' title='bbox 394 752 540 815; x_wconf 90' lang='lat' dir='ltr'><strong>vereque</strong></span> <span class='ocrx_word' id='word_1_29' title='bbox 556 729 746 795; x_wconf 83' lang='lat' dir='ltr'><strong>defendere.</strong></span> <span class='ocrx_word' id='word_1_30' title='bbox 1371 721 1372 724; x_wconf 26' lang='lat'>¹</span> 
     </span>
    </p>

    <p class='ocr_par' dir='ltr' id='par_1_3' title="bbox 186 834 1373 1244">
     <span class='ocr_line' id='line_1_5' title="bbox 186 834 1373 930; baseline 0.01 -30"><span class='ocrx_word' id='word_1_31' title='bbox 186 838 226 900; x_wconf 83' lang='lat'><strong>64</strong></span> <span class='ocrx_word' id='word_1_32' title='bbox 244 872 248 879; x_wconf 90' lang='lat'>·</span> <span class='ocrx_word' id='word_1_33' title='bbox 278 852 383 898; x_wconf 85' lang='lat' dir='ltr'>xxlv.</span> <span class='ocrx_word' id='word_1_34' title='bbox 415 834 531 913; x_wconf 76' lang='lat' dir='ltr'><strong>Quid?</strong></span> <span class='ocrx_word' id='word_1_35' title='bbox 547 856 632 918; x_wconf 87' lang='lat' dir='ltr'><strong>quae</strong></span> <span class='ocrx_word' id='word_1_36' title='bbox 649 842 765 918; x_wconf 86' lang='lat' dir='ltr'><strong>postea</strong></span> <span class='ocrx_word' id='word_1_37' title='bbox 778 843 860 899; x_wconf 91' lang='lat' dir='ltr'><strong>sunt</strong></span> <span class='ocrx_word' id='word_1_38' title='bbox 875 836 910 899; x_wconf 91' lang='lat' dir='ltr'><strong>in</strong></span> <span class='ocrx_word' id='word_1_39' title='bbox 926 844 1004 900; x_wconf 72' lang='lat' dir='ltr'><strong>eun!</strong></span> <span class='ocrx_word' id='word_1_40' title='bbox 1020 851 1189 926; x_wconf 84' lang='lat' dir='ltr'><strong>congesta,</strong></span> <span class='ocrx_word' id='word_1_41' title='bbox 1202 869 1308 930; x_wconf 86' lang='lat' dir='ltr'><strong>quae</strong></span> <span class='ocrx_word' id='word_1_42' title='bbox 1372 904 1373 926; x_wconf 49' lang='lat'><strong>,</strong></span> 
     </span>
     <span class='ocr_line' id='line_1_6' title="bbox 239 938 1307 1024; baseline 0.002 -22"><span class='ocrx_word' id='word_1_43' title='bbox 239 940 392 1024; x_wconf 87' lang='lat' dir='ltr'><strong>quemvis</strong></span> <span class='ocrx_word' id='word_1_44' title='bbox 434 939 534 1002; x_wconf 85' lang='lat' dir='ltr'><strong>etiam</strong></span> <span class='ocrx_word' id='word_1_45' title='bbox 573 938 790 1002; x_wconf 80' lang='lat' dir='ltr'><strong>mediocrium</strong></span> <span class='ocrx_word' id='word_1_46' title='bbox 838 939 1036 1004; x_wconf 73' lang='lat' dir='ltr'><strong>delictorum</strong></span> <span class='ocrx_word' id='word_1_47' title='bbox 1083 951 1307 1014; x_wconf 72' lang='lat' dir='ltr'><strong>conscientia</strong></span> 
     </span>
     <span class='ocr_line' id='line_1_7' title="bbox 238 1043 1304 1127; baseline 0.014 -22"><span class='ocrx_word' id='word_1_48' title='bbox 238 1043 469 1127; x_wconf 88' lang='lat' dir='ltr'><strong>perculissent,</strong></span> <span class='ocrx_word' id='word_1_49' title='bbox 493 1051 533 1106; x_wconf 90' lang='lat' dir='ltr'><strong>ut</strong></span> <span class='ocrx_word' id='word_1_50' title='bbox 562 1043 735 1119; x_wconf 77' lang='lat' dir='ltr'><strong>sustinuit,</strong></span> <span class='ocrx_word' id='word_1_51' title='bbox 760 1043 794 1106; x_wconf 95' lang='lat' dir='ltr'><strong>di</strong></span> <span class='ocrx_word' id='word_1_52' title='bbox 826 1045 1048 1112; x_wconf 79' lang='lat' dir='ltr'><strong>immortales!</strong></span> <span class='ocrx_word' id='word_1_53' title='bbox 1095 1051 1304 1120; x_wconf 73' lang='lat' dir='ltr'><strong>Sustinuit!</strong></span> 
     </span>
     <span class='ocr_line' id='line_1_8' title="bbox 238 1148 1301 1244; baseline 0.015 -36"><span class='ocrx_word' id='word_1_54' title='bbox 238 1148 339 1209; x_wconf 90' lang='lat' dir='ltr'><strong>immo</strong></span> <span class='ocrx_word' id='word_1_55' title='bbox 362 1167 441 1210; x_wconf 90' lang='lat' dir='ltr'><strong>vero</strong></span> <span class='ocrx_word' id='word_1_56' title='bbox 465 1154 505 1209; x_wconf 85' lang='lat' dir='ltr'><strong>ut</strong></span> <span class='ocrx_word' id='word_1_57' title='bbox 527 1148 729 1231; x_wconf 83' lang='lat' dir='ltr'><strong>contempsit</strong></span> <span class='ocrx_word' id='word_1_58' title='bbox 754 1170 791 1212; x_wconf 89' lang='lat' dir='ltr'><strong>ao</strong></span> <span class='ocrx_word' id='word_1_59' title='bbox 818 1172 878 1233; x_wconf 91' lang='lat' dir='ltr'><strong>pro</strong></span> <span class='ocrx_word' id='word_1_60' title='bbox 903 1153 1008 1219; x_wconf 87' lang='lat' dir='ltr'><strong>nihilo</strong></span> <span class='ocrx_word' id='word_1_61' title='bbox 1031 1159 1174 1240; x_wconf 87' lang='lat' dir='ltr'><strong>putavit,</strong></span> <span class='ocrx_word' id='word_1_62' title='bbox 1199 1183 1301 1244; x_wconf 86' lang='lat' dir='ltr'><strong>quae</strong></span> 
     </span>
    </p>

    <p class='ocr_par' dir='ltr' id='par_1_4' title="bbox 199 1250 1302 1765">
     <span class='ocr_line' id='line_1_9' title="bbox 199 1250 1302 1340; baseline 0.015 -29"><span class='ocrx_word' id='word_1_63' title='bbox 199 1268 214 1311; x_wconf 85' lang='lat'>5</span> <span class='ocrx_word' id='word_1_64' title='bbox 236 1272 346 1334; x_wconf 90' lang='lat' dir='ltr'><strong>neque</strong></span> <span class='ocrx_word' id='word_1_65' title='bbox 365 1250 509 1313; x_wconf 87' lang='lat' dir='ltr'><strong>maximo</strong></span> <span class='ocrx_word' id='word_1_66' title='bbox 532 1251 643 1313; x_wconf 85' lang='lat' dir='ltr'><strong>animo</strong></span> <span class='ocrx_word' id='word_1_67' title='bbox 668 1273 791 1316; x_wconf 89' lang='lat' dir='ltr'><strong>nocens</strong></span> <span class='ocrx_word' id='word_1_68' title='bbox 817 1275 926 1340; x_wconf 88' lang='lat' dir='ltr'><strong>neque</strong></span> <span class='ocrx_word' id='word_1_69' title='bbox 949 1259 1108 1327; x_wconf 81' lang='lat' dir='ltr'><strong>innocens</strong></span> <span class='ocrx_word' id='word_1_70' title='bbox 1136 1264 1199 1328; x_wconf 93' lang='lat' dir='ltr'><strong>nisi</strong></span> <span class='ocrx_word' id='word_1_71' title='bbox 1224 1265 1302 1328; x_wconf 87' lang='lat' dir='ltr'><strong>for-</strong></span> 
     </span>
     <span class='ocr_line' id='line_1_10' title="bbox 238 1354 1302 1454; baseline 0.012 -34"><span class='ocrx_word' id='word_1_72' title='bbox 238 1356 386 1420; x_wconf 88' lang='lat' dir='ltr'><strong>tissimus</strong></span> <span class='ocrx_word' id='word_1_73' title='bbox 416 1354 468 1417; x_wconf 89' lang='lat' dir='ltr'><strong>vir</strong></span> <span class='ocrx_word' id='word_1_74' title='bbox 497 1354 675 1439; x_wconf 87' lang='lat' dir='ltr'><strong>neglegere</strong></span> <span class='ocrx_word' id='word_1_75' title='bbox 708 1358 890 1439; x_wconf 80' lang='lat' dir='ltr'><strong>potuisset!</strong></span> <span class='ocrx_word' id='word_1_76' title='bbox 942 1362 1131 1442; x_wconf 87' lang='lat' dir='ltr'><strong>Scutorum,</strong></span> <span class='ocrx_word' id='word_1_77' title='bbox 1162 1369 1302 1454; x_wconf 87' lang='lat' dir='ltr'><strong>gladio-</strong></span> 
     </span>
     <span class='ocr_line' id='line_1_11' title="bbox 237 1458 1297 1556; baseline 0.012 -33"><span class='ocrx_word' id='word_1_78' title='bbox 237 1482 322 1535; x_wconf 86' lang='lat' dir='ltr'><strong>rum,</strong></span> <span class='ocrx_word' id='word_1_79' title='bbox 338 1458 509 1523; x_wconf 87' lang='lat' dir='ltr'><strong>lrcnorurn</strong></span> <span class='ocrx_word' id='word_1_80' title='bbox 531 1458 743 1546; x_wconf 83' lang='lat' dir='ltr'><strong>pilorumque</strong></span> <span class='ocrx_word' id='word_1_81' title='bbox 764 1468 863 1530; x_wconf 86' lang='lat' dir='ltr'><strong>etiam</strong></span> <span class='ocrx_word' id='word_1_82' title='bbox 881 1468 1063 1534; x_wconf 90' lang='lat' dir='ltr'><strong>multitudo</strong></span> <span class='ocrx_word' id='word_1_83' title='bbox 1082 1470 1297 1556; x_wconf 88' lang='lat' dir='ltr'><strong>deprehendi</strong></span> 
     </span>
     <span class='ocr_line' id='line_1_12' title="bbox 237 1562 1294 1652; baseline 0.011 -24"><span class='ocrx_word' id='word_1_84' title='bbox 237 1585 333 1650; x_wconf 93' lang='lat' dir='ltr'><strong>posse</strong></span> <span class='ocrx_word' id='word_1_85' title='bbox 364 1562 597 1639; x_wconf 84' lang='lat' dir='ltr'><strong>indicabatur;</strong></span> <span class='ocrx_word' id='word_1_86' title='bbox 637 1567 771 1631; x_wconf 92' lang='lat' dir='ltr'><strong>nullum</strong></span> <span class='ocrx_word' id='word_1_87' title='bbox 812 1573 847 1634; x_wconf 93' lang='lat' dir='ltr'><strong>in</strong></span> <span class='ocrx_word' id='word_1_88' title='bbox 885 1573 965 1638; x_wconf 90' lang='lat' dir='ltr'><strong>urbe</strong></span> <span class='ocrx_word' id='word_1_89' title='bbox 998 1576 1120 1652; x_wconf 85' lang='lat' dir='ltr'><strong>vicum,</strong></span> <span class='ocrx_word' id='word_1_90' title='bbox 1152 1578 1294 1641; x_wconf 84' lang='lat' dir='ltr'><strong>nullunr</strong></span> 
     </span>
     <span class='ocr_line' id='line_1_13' title="bbox 236 1672 1296 1765; baseline 0.011 -31"><span class='ocrx_word' id='word_1_91' title='bbox 236 1672 450 1765; x_wconf 79' lang='lat' dir='ltr'><strong>angiportum</strong></span> <span class='ocrx_word' id='word_1_92' title='bbox 481 1693 551 1735; x_wconf 88' lang='lat' dir='ltr'><strong>esse</strong></span> <span class='ocrx_word' id='word_1_93' title='bbox 591 1672 758 1750; x_wconf 88' lang='lat' dir='ltr'><strong>dicebant,</strong></span> <span class='ocrx_word' id='word_1_94' title='bbox 792 1678 826 1739; x_wconf 93' lang='lat' dir='ltr'><strong>in</strong></span> <span class='ocrx_word' id='word_1_95' title='bbox 861 1701 929 1762; x_wconf 92' lang='lat' dir='ltr'><strong>quo</strong></span> <span class='ocrx_word' id='word_1_96' title='bbox 962 1701 1028 1744; x_wconf 95' lang='lat' dir='ltr'><strong>non</strong></span> <span class='ocrx_word' id='word_1_97' title='bbox 1061 1681 1180 1745; x_wconf 88' lang='lat' dir='ltr'><strong>Miloni</strong></span> <span class='ocrx_word' id='word_1_98' title='bbox 1211 1705 1296 1746; x_wconf 93' lang='lat' dir='ltr'><strong>con-</strong></span> 
     </span>
    </p>

    <p class='ocr_par' dir='ltr' id='par_1_5' title="bbox 185 1774 1296 2179">
     <span class='ocr_line' id='line_1_14' title="bbox 185 1774 1296 1851; baseline 0.014 -15"><span class='ocrx_word' id='word_1_99' title='bbox 185 1774 337 1838; x_wconf 81' lang='lat' dir='ltr'><strong>reducta</strong></span> <span class='ocrx_word' id='word_1_100' title='bbox 359 1783 449 1839; x_wconf 90' lang='lat' dir='ltr'><strong>esset</strong></span> <span class='ocrx_word' id='word_1_101' title='bbox 479 1774 619 1851; x_wconf 84' lang='lat' dir='ltr'><strong>domus3</strong></span> <span class='ocrx_word' id='word_1_102' title='bbox 650 1799 742 1842; x_wconf 88' lang='lat' dir='ltr'><strong>arma</strong></span> <span class='ocrx_word' id='word_1_103' title='bbox 775 1782 809 1843; x_wconf 94' lang='lat' dir='ltr'><strong>in</strong></span> <span class='ocrx_word' id='word_1_104' title='bbox 833 1783 947 1846; x_wconf 86' lang='lat' dir='ltr'><strong>villam</strong></span> <span class='ocrx_word' id='word_1_105' title='bbox 972 1783 1206 1849; x_wconf 81' lang='lat' dir='ltr'><strong>Ocriculanam</strong></span> <span class='ocrx_word' id='word_1_106' title='bbox 1232 1786 1296 1851; x_wconf 87' lang='lat' dir='ltr'><strong>de-</strong></span> 
     </span>
     <span class='ocr_line' id='line_1_15' title="bbox 237 1878 1292 1970; baseline 0.011 -29"><span class='ocrx_word' id='word_1_107' title='bbox 237 1887 333 1944; x_wconf 86' lang='lat' dir='ltr'><strong>vecta</strong></span> <span class='ocrx_word' id='word_1_108' title='bbox 358 1878 480 1956; x_wconf 87' lang='lat' dir='ltr'><strong>Tiberi,</strong></span> <span class='ocrx_word' id='word_1_109' title='bbox 497 1880 615 1945; x_wconf 90' lang='lat' dir='ltr'><strong>domus</strong></span> <span class='ocrx_word' id='word_1_110' title='bbox 639 1883 673 1944; x_wconf 90' lang='lat' dir='ltr'><strong>in</strong></span> <span class='ocrx_word' id='word_1_111' title='bbox 698 1884 787 1948; x_wconf 88' lang='lat' dir='ltr'><strong>olivo</strong></span> <span class='ocrx_word' id='word_1_112' title='bbox 811 1885 1001 1970; x_wconf 86' lang='lat' dir='ltr'><strong>Capitolino</strong></span> <span class='ocrx_word' id='word_1_113' title='bbox 1024 1889 1129 1953; x_wconf 87' lang='lat' dir='ltr'><strong>scutis</strong></span> <span class='ocrx_word' id='word_1_114' title='bbox 1152 1890 1292 1966; x_wconf 84' lang='lat' dir='ltr'><strong>referta,</strong></span> 
     </span>
     <span class='ocr_line' id='line_1_16' title="bbox 236 1983 1294 2078; baseline 0.012 -33"><span class='ocrx_word' id='word_1_115' title='bbox 236 1983 335 2068; x_wconf 87' lang='lat' dir='ltr'><strong>plena</strong></span> <span class='ocrx_word' id='word_1_116' title='bbox 365 1985 475 2046; x_wconf 87' lang='lat' dir='ltr'><strong>omnia</strong></span> <span class='ocrx_word' id='word_1_117' title='bbox 498 1985 729 2050; x_wconf 88' lang='lat' dir='ltr'><strong>malleolorum</strong></span> <span class='ocrx_word' id='word_1_118' title='bbox 762 1989 804 2052; x_wconf 91' lang='lat' dir='ltr'><strong>ad</strong></span> <span class='ocrx_word' id='word_1_119' title='bbox 827 1990 918 2054; x_wconf 91' lang='lat' dir='ltr'><strong>urbis</strong></span> <span class='ocrx_word' id='word_1_120' title='bbox 942 1991 1097 2056; x_wconf 85' lang='lat' dir='ltr'><strong>incendia</strong></span> <span class='ocrx_word' id='word_1_121' title='bbox 1119 2015 1294 2078; x_wconf 89' lang='lat' dir='ltr'><strong>compara-</strong></span> 
     </span>
     <span class='ocr_line' id='line_1_17' title="bbox 236 2069 1291 2179; baseline 0.009 -27"><span class='ocrx_word' id='word_1_122' title='bbox 236 2069 357 2164; x_wconf 75' lang='lat' dir='ltr'><strong>toruni,</strong></span> <span class='ocrx_word' id='word_1_123' title='bbox 381 2087 466 2152; x_wconf 84' lang='lat' dir='ltr'><strong>haec.</strong></span> <span class='ocrx_word' id='word_1_124' title='bbox 485 2110 553 2151; x_wconf 91' lang='lat' dir='ltr'><strong>non</strong></span> <span class='ocrx_word' id='word_1_125' title='bbox 577 2089 689 2155; x_wconf 87' lang='lat' dir='ltr'><strong>delata</strong></span> <span class='ocrx_word' id='word_1_126' title='bbox 715 2093 832 2169; x_wconf 88' lang='lat' dir='ltr'><strong>solum,</strong></span> <span class='ocrx_word' id='word_1_127' title='bbox 849 2094 910 2159; x_wconf 89' lang='lat' dir='ltr'><strong>sed</strong></span> <span class='ocrx_word' id='word_1_128' title='bbox 933 2113 1038 2179; x_wconf 87' lang='lat' dir='ltr'><strong>paene</strong></span> <span class='ocrx_word' id='word_1_129' title='bbox 1062 2097 1197 2172; x_wconf 90' lang='lat' dir='ltr'><strong>credita,</strong></span> <span class='ocrx_word' id='word_1_130' title='bbox 1222 2119 1291 2162; x_wconf 91' lang='lat' dir='ltr'><strong>nec</strong></span> 
     </span>
    </p>

    <p class='ocr_par' dir='ltr' id='par_1_6' title="bbox 184 2197 1292 2286">
     <span class='ocr_line' id='line_1_18' title="bbox 184 2197 1292 2286; baseline 0.004 -26"><span class='ocrx_word' id='word_1_131' title='bbox 184 2199 222 2262; x_wconf 85' lang='grc'><strong>65</strong></span> <span class='ocrx_word' id='word_1_132' title='bbox 234 2204 312 2260; x_wconf 85' lang='lat' dir='ltr'><strong>ante</strong></span> <span class='ocrx_word' id='word_1_133' title='bbox 335 2197 512 2281; x_wconf 85' lang='lat' dir='ltr'><strong>repudiata</strong></span> <span class='ocrx_word' id='word_1_134' title='bbox 534 2205 616 2262; x_wconf 92' lang='lat' dir='ltr'><strong>sunt</strong></span> <span class='ocrx_word' id='word_1_135' title='bbox 645 2219 745 2281; x_wconf 89' lang='lat' dir='ltr'><strong>quarn</strong></span> <span class='ocrx_word' id='word_1_136' title='bbox 774 2200 934 2281; x_wconf 86' lang='lat' dir='ltr'><strong>quaesita.</strong></span> <span class='ocrx_word' id='word_1_137' title='bbox 981 2199 1171 2265; x_wconf 86' lang='lat' dir='ltr'><strong>Laudabam</strong></span> <span class='ocrx_word' id='word_1_138' title='bbox 1194 2205 1292 2286; x_wconf 88' lang='lat' dir='ltr'><strong>equi-</strong></span> 
     </span>
    </p>

    <p class='ocr_par' dir='ltr' id='par_1_7' title="bbox 184 2301 1290 2809">
     <span class='ocr_line' id='line_1_19' title="bbox 184 2301 1289 2388; baseline 0.007 -28"><span class='ocrx_word' id='word_1_139' title='bbox 184 2317 213 2361; x_wconf 82' lang='lat'><strong>15</strong></span> <span class='ocrx_word' id='word_1_140' title='bbox 235 2301 310 2366; x_wconf 91' lang='lat' dir='ltr'><strong>dem</strong></span> <span class='ocrx_word' id='word_1_141' title='bbox 333 2301 798 2387; x_wconf 85' lang='lat' dir='ltr'><strong>incredibilemdiligentiam</strong></span> <span class='ocrx_word' id='word_1_142' title='bbox 823 2302 883 2366; x_wconf 88' lang='lat' dir='ltr'><strong>Cn.</strong></span> <span class='ocrx_word' id='word_1_143' title='bbox 909 2302 1058 2388; x_wconf 85' lang='lat' dir='ltr'><strong>Pompei,</strong></span> <span class='ocrx_word' id='word_1_144' title='bbox 1083 2305 1139 2369; x_wconf 89' lang='lat' dir='ltr'><strong>sed</strong></span> <span class='ocrx_word' id='word_1_145' title='bbox 1165 2305 1289 2380; x_wconf 85' lang='lat' dir='ltr'><strong>dicam,</strong></span> 
     </span>
     <span class='ocr_line' id='line_1_20' title="bbox 237 2405 1290 2494; baseline 0.007 -26"><span class='ocrx_word' id='word_1_146' title='bbox 237 2414 277 2468; x_wconf 86' lang='lat' dir='ltr'><strong>ut</strong></span> <span class='ocrx_word' id='word_1_147' title='bbox 291 2407 410 2481; x_wconf 87' lang='lat' dir='ltr'><strong>sentio,</strong></span> <span class='ocrx_word' id='word_1_148' title='bbox 427 2405 565 2470; x_wconf 86' lang='lat' dir='ltr'><strong>iudices.</strong></span> <span class='ocrx_word' id='word_1_149' title='bbox 615 2405 724 2470; x_wconf 89' lang='lat' dir='ltr'><strong>Nimis</strong></span> <span class='ocrx_word' id='word_1_150' title='bbox 741 2406 848 2470; x_wconf 89' lang='lat' dir='ltr'><strong>multa</strong></span> <span class='ocrx_word' id='word_1_151' title='bbox 863 2407 977 2472; x_wconf 87' lang='lat' dir='ltr'><strong>audire</strong></span> <span class='ocrx_word' id='word_1_152' title='bbox 995 2417 1163 2494; x_wconf 88' lang='lat' dir='ltr'><strong>coguntur</strong></span> <span class='ocrx_word' id='word_1_153' title='bbox 1174 2432 1290 2494; x_wconf 86' lang='lat' dir='ltr'><strong>neque</strong></span> 
     </span>
     <span class='ocr_line' id='line_1_21' title="bbox 236 2510 1289 2599; baseline -0.003 -19"><span class='ocrx_word' id='word_1_154' title='bbox 236 2518 334 2581; x_wconf 88' lang='lat' dir='ltr'><strong>aliter</strong></span> <span class='ocrx_word' id='word_1_155' title='bbox 356 2515 465 2580; x_wconf 81' lang='lat' dir='ltr'><strong>facere</strong></span> <span class='ocrx_word' id='word_1_156' title='bbox 490 2519 633 2599; x_wconf 87' lang='lat' dir='ltr'><strong>possunt</strong></span> <span class='ocrx_word' id='word_1_157' title='bbox 655 2512 690 2587; x_wconf 89' lang='lat' dir='ltr'><strong>ii,</strong></span> <span class='ocrx_word' id='word_1_158' title='bbox 719 2510 842 2594; x_wconf 88' lang='lat' dir='ltr'><strong>quibus</strong></span> <span class='ocrx_word' id='word_1_159' title='bbox 866 2519 938 2575; x_wconf 84' lang='lat' dir='ltr'><strong>tota</strong></span> <span class='ocrx_word' id='word_1_160' title='bbox 960 2513 1134 2576; x_wconf 89' lang='lat' dir='ltr'><strong>commissa</strong></span> <span class='ocrx_word' id='word_1_161' title='bbox 1159 2522 1211 2576; x_wconf 89' lang='lat' dir='ltr'><strong>est</strong></span> <span class='ocrx_word' id='word_1_162' title='bbox 1233 2536 1289 2578; x_wconf 90' lang='lat' dir='ltr'><strong>res</strong></span> 
     </span>
     <span class='ocr_line' id='line_1_22' title="bbox 236 2614 1288 2704; baseline -0.001 -21"><span class='ocrx_word' id='word_1_163' title='bbox 236 2620 380 2704; x_wconf 88' lang='lat' dir='ltr'><strong>publica.</strong></span> <span class='ocrx_word' id='word_1_164' title='bbox 441 2619 533 2698; x_wconf 85' lang='lat' dir='ltr'><strong>Quin</strong></span> <span class='ocrx_word' id='word_1_165' title='bbox 567 2618 669 2682; x_wconf 89' lang='lat' dir='ltr'><strong>etiam</strong></span> <span class='ocrx_word' id='word_1_166' title='bbox 699 2614 768 2679; x_wconf 80' lang='lat' dir='ltr'><strong>fuit</strong></span> <span class='ocrx_word' id='word_1_167' title='bbox 801 2614 988 2679; x_wconf 88' lang='lat' dir='ltr'><strong>audiendus</strong></span> <span class='ocrx_word' id='word_1_168' title='bbox 1018 2637 1104 2700; x_wconf 89' lang='lat' dir='ltr'><strong>popa</strong></span> <span class='ocrx_word' id='word_1_169' title='bbox 1135 2616 1288 2682; x_wconf 89' lang='lat' dir='ltr'><strong>Licinius</strong></span> 
     </span>
     <span class='ocr_line' id='line_1_23' title="bbox 237 2719 1286 2809; baseline -0.001 -22"><span class='ocrx_word' id='word_1_170' title='bbox 237 2727 348 2790; x_wconf 90' lang='lat' dir='ltr'><strong>nescio</strong></span> <span class='ocrx_word' id='word_1_171' title='bbox 379 2727 438 2809; x_wconf 93' lang='lat' dir='ltr'><strong>qui</strong></span> <span class='ocrx_word' id='word_1_172' title='bbox 469 2723 510 2787; x_wconf 93' lang='lat' dir='ltr'><strong>de</strong></span> <span class='ocrx_word' id='word_1_173' title='bbox 541 2726 629 2788; x_wconf 89' lang='lat' dir='ltr'><strong>oiroo</strong></span> <span class='ocrx_word' id='word_1_174' title='bbox 657 2719 812 2793; x_wconf 87' lang='lat' dir='ltr'><strong>maximo,</strong></span> <span class='ocrx_word' id='word_1_175' title='bbox 838 2740 951 2783; x_wconf 87' lang='lat' dir='ltr'><strong>servos</strong></span> <span class='ocrx_word' id='word_1_176' title='bbox 976 2719 1113 2785; x_wconf 88' lang='lat' dir='ltr'><strong>Milonis</strong></span> <span class='ocrx_word' id='word_1_177' title='bbox 1136 2720 1226 2804; x_wconf 91' lang='lat' dir='ltr'><strong>apud</strong></span> <span class='ocrx_word' id='word_1_178' title='bbox 1249 2743 1286 2786; x_wconf 87' lang='lat' dir='ltr'><strong>se</strong></span> 
     </span>
    </p>

    <p class='ocr_par' dir='ltr' id='par_1_8' title="bbox 183 2823 1287 3326">
     <span class='ocr_line' id='line_1_24' title="bbox 183 2823 1286 2894; baseline -0.005 0"><span class='ocrx_word' id='word_1_179' title='bbox 183 2843 213 2886; x_wconf 73' lang='lat'><strong>20</strong></span> <span class='ocrx_word' id='word_1_180' title='bbox 236 2829 342 2894; x_wconf 88' lang='lat' dir='ltr'><strong>ebrios</strong></span> <span class='ocrx_word' id='word_1_181' title='bbox 380 2829 487 2893; x_wconf 83' lang='lat' dir='ltr'><strong>laotos</strong></span> <span class='ocrx_word' id='word_1_182' title='bbox 524 2829 588 2894; x_wconf 89' lang='lat' dir='ltr'><strong>sibi</strong></span> <span class='ocrx_word' id='word_1_183' title='bbox 631 2825 803 2893; x_wconf 82' lang='lat' dir='ltr'><strong>confessos</strong></span> <span class='ocrx_word' id='word_1_184' title='bbox 854 2843 925 2887; x_wconf 89' lang='lat' dir='ltr'><strong>esse</strong></span> <span class='ocrx_word' id='word_1_185' title='bbox 969 2823 1009 2887; x_wconf 89' lang='lat' dir='ltr'><strong>de</strong></span> <span class='ocrx_word' id='word_1_186' title='bbox 1053 2825 1286 2889; x_wconf 86' lang='lat' dir='ltr'><strong>interficiendo</strong></span> 
     </span>
     <span class='ocr_line' id='line_1_25' title="bbox 237 2918 1287 3017; baseline -0.003 -21"><span class='ocrx_word' id='word_1_187' title='bbox 237 2918 397 3017; x_wconf 87' lang='lat' dir='ltr'><strong>Pompeio</strong></span> <span class='ocrx_word' id='word_1_188' title='bbox 419 2934 620 3006; x_wconf 89' lang='lat' dir='ltr'><strong>coniurasse,</strong></span> <span class='ocrx_word' id='word_1_189' title='bbox 647 2931 724 2995; x_wconf 89' lang='lat' dir='ltr'><strong>dein</strong></span> <span class='ocrx_word' id='word_1_190' title='bbox 754 2935 869 3013; x_wconf 87' lang='lat' dir='ltr'><strong>postea</strong></span> <span class='ocrx_word' id='word_1_191' title='bbox 891 2949 927 2991; x_wconf 88' lang='lat' dir='ltr'><strong>se</strong></span> <span class='ocrx_word' id='word_1_192' title='bbox 950 2927 1062 3013; x_wconf 87' lang='lat' dir='ltr'><strong>gladio</strong></span> <span class='ocrx_word' id='word_1_193' title='bbox 1089 2950 1287 3013; x_wconf 89' lang='lat' dir='ltr'><strong>percussum</strong></span> 
     </span>
     <span class='ocr_line' id='line_1_26' title="bbox 237 3030 1286 3115; baseline -0.004 -13"><span class='ocrx_word' id='word_1_194' title='bbox 237 3061 307 3102; x_wconf 85' lang='lat' dir='ltr'><strong>csse</strong></span> <span class='ocrx_word' id='word_1_195' title='bbox 331 3037 373 3102; x_wconf 91' lang='lat' dir='ltr'><strong>ab</strong></span> <span class='ocrx_word' id='word_1_196' title='bbox 395 3059 462 3101; x_wconf 90' lang='lat' dir='ltr'><strong>uno</strong></span> <span class='ocrx_word' id='word_1_197' title='bbox 486 3038 526 3102; x_wconf 91' lang='lat' dir='ltr'><strong>de</strong></span> <span class='ocrx_word' id='word_1_198' title='bbox 550 3038 627 3113; x_wconf 89' lang='lat' dir='ltr'><strong>illis,</strong></span> <span class='ocrx_word' id='word_1_199' title='bbox 644 3059 686 3101; x_wconf 92' lang='lat' dir='ltr'><strong>ne</strong></span> <span class='ocrx_word' id='word_1_200' title='bbox 715 3033 888 3097; x_wconf 87' lang='lat' dir='ltr'><strong>indicaret.</strong></span> <span class='ocrx_word' id='word_1_201' title='bbox 937 3030 1097 3115; x_wconf 86' lang='lat' dir='ltr'><strong>Pompeio</strong></span> <span class='ocrx_word' id='word_1_202' title='bbox 1119 3033 1153 3094; x_wconf 92' lang='lat' dir='ltr'><strong>in</strong></span> <span class='ocrx_word' id='word_1_203' title='bbox 1170 3033 1286 3098; x_wconf 90' lang='lat' dir='ltr'><strong>hortos</strong></span> 
     </span>
     <span class='ocr_line' id='line_1_27' title="bbox 237 3136 1287 3224; baseline -0.002 -20"><span class='ocrx_word' id='word_1_204' title='bbox 237 3143 426 3216; x_wconf 84' lang='lat' dir='ltr'><strong>nuntiavit3</strong></span> <span class='ocrx_word' id='word_1_205' title='bbox 454 3164 601 3206; x_wconf 88' lang='lat' dir='ltr'><strong>arcessor</strong></span> <span class='ocrx_word' id='word_1_206' title='bbox 622 3142 658 3204; x_wconf 92' lang='lat' dir='ltr'><strong>in</strong></span> <span class='ocrx_word' id='word_1_207' title='bbox 682 3141 816 3224; x_wconf 85' lang='lat' dir='ltr'><strong>primis3</strong></span> <span class='ocrx_word' id='word_1_208' title='bbox 842 3136 882 3201; x_wconf 88' lang='lat' dir='ltr'><strong>de</strong></span> <span class='ocrx_word' id='word_1_209' title='bbox 912 3136 1093 3199; x_wconf 87' lang='lat' dir='ltr'><strong>amicorum</strong></span> <span class='ocrx_word' id='word_1_210' title='bbox 1116 3139 1287 3202; x_wconf 85' lang='lat' dir='ltr'><strong>sententia</strong></span> 
     </span>
     <span class='ocr_line' id='line_1_28' title="bbox 236 3240 1284 3326; baseline -0.004 -18"><span class='ocrx_word' id='word_1_211' title='bbox 236 3267 306 3310; x_wconf 89' lang='lat' dir='ltr'><strong>rem</strong></span> <span class='ocrx_word' id='word_1_212' title='bbox 337 3244 448 3309; x_wconf 85' lang='lat' dir='ltr'><strong>defert</strong></span> <span class='ocrx_word' id='word_1_213' title='bbox 476 3244 519 3309; x_wconf 89' lang='lat' dir='ltr'><strong>ad</strong></span> <span class='ocrx_word' id='word_1_214' title='bbox 549 3252 715 3310; x_wconf 87' lang='lat' dir='ltr'><strong>senatum.</strong></span> <span class='ocrx_word' id='word_1_215' title='bbox 761 3243 838 3307; x_wconf 91' lang='lat' dir='ltr'><strong>Non</strong></span> <span class='ocrx_word' id='word_1_216' title='bbox 869 3248 1021 3326; x_wconf 88' lang='lat' dir='ltr'><strong>poteram</strong></span> <span class='ocrx_word' id='word_1_217' title='bbox 1043 3240 1079 3302; x_wconf 91' lang='lat' dir='ltr'><strong>in</strong></span> <span class='ocrx_word' id='word_1_218' title='bbox 1101 3240 1195 3304; x_wconf 89' lang='lat' dir='ltr'><strong>illius</strong></span> <span class='ocrx_word' id='word_1_219' title='bbox 1219 3243 1284 3305; x_wconf 90' lang='lat' dir='ltr'><strong>mei</strong></span> 
     </span>
    </p>

    <p class='ocr_par' dir='ltr' id='par_1_9' title="bbox 183 3348 1285 3643">
     <span class='ocr_line' id='line_1_29' title="bbox 183 3348 1285 3434; baseline -0.001 -25"><span class='ocrx_word' id='word_1_220' title='bbox 183 3363 212 3408; x_wconf 74' lang='lat'><strong>25</strong></span> <span class='ocrx_word' id='word_1_221' title='bbox 234 3351 428 3434; x_wconf 84' lang='lat' dir='ltr'><strong>patriaeque</strong></span> <span class='ocrx_word' id='word_1_222' title='bbox 466 3348 618 3414; x_wconf 83' lang='lat' dir='ltr'><strong>custodis</strong></span> <span class='ocrx_word' id='word_1_223' title='bbox 649 3356 745 3414; x_wconf 88' lang='lat' dir='ltr'><strong>tanta</strong></span> <span class='ocrx_word' id='word_1_224' title='bbox 785 3349 975 3433; x_wconf 88' lang='lat' dir='ltr'><strong>suspicione</strong></span> <span class='ocrx_word' id='word_1_225' title='bbox 1007 3365 1074 3408; x_wconf 92' lang='lat' dir='ltr'><strong>non</strong></span> <span class='ocrx_word' id='word_1_226' title='bbox 1106 3352 1199 3408; x_wconf 85' lang='lat' dir='ltr'><strong>metu</strong></span> <span class='ocrx_word' id='word_1_227' title='bbox 1230 3367 1285 3409; x_wconf 86' lang='lat' dir='ltr'><strong>ex-</strong></span> 
     </span>
     <span class='ocr_line' id='line_1_30' title="bbox 236 3439 1282 3537; baseline -0.004 -21"><span class='ocrx_word' id='word_1_228' title='bbox 236 3455 383 3530; x_wconf 87' lang='lat' dir='ltr'><strong>animari,</strong></span> <span class='ocrx_word' id='word_1_229' title='bbox 408 3453 466 3518; x_wconf 89' lang='lat' dir='ltr'><strong>sed</strong></span> <span class='ocrx_word' id='word_1_230' title='bbox 491 3453 634 3518; x_wconf 88' lang='lat' dir='ltr'><strong>mirabar</strong></span> <span class='ocrx_word' id='word_1_231' title='bbox 649 3461 761 3518; x_wconf 91' lang='lat' dir='ltr'><strong>tamen</strong></span> <span class='ocrx_word' id='word_1_232' title='bbox 783 3452 873 3519; x_wconf 91' lang='lat' dir='ltr'><strong>credi</strong></span> <span class='ocrx_word' id='word_1_233' title='bbox 897 3439 1013 3537; x_wconf 84' lang='lat' dir='ltr'><strong>popae,</strong></span> <span class='ocrx_word' id='word_1_234' title='bbox 1038 3447 1282 3514; x_wconf 87' lang='lat' dir='ltr'><strong>confessionem</strong></span> 
     </span>
     <span class='ocr_line' id='line_1_31' title="bbox 235 3557 1282 3643; baseline -0.006 -21"><span class='ocrx_word' id='word_1_235' title='bbox 235 3580 408 3623; x_wconf 87' lang='lat' dir='ltr'><strong>servorum</strong></span> <span class='ocrx_word' id='word_1_236' title='bbox 430 3558 550 3635; x_wconf 85' lang='lat' dir='ltr'><strong>audiri,</strong></span> <span class='ocrx_word' id='word_1_237' title='bbox 568 3558 693 3623; x_wconf 91' lang='lat' dir='ltr'><strong>vulnus</strong></span> <span class='ocrx_word' id='word_1_238' title='bbox 718 3558 753 3620; x_wconf 92' lang='lat' dir='ltr'><strong>in</strong></span> <span class='ocrx_word' id='word_1_239' title='bbox 777 3557 890 3632; x_wconf 89' lang='lat' dir='ltr'><strong>latere,</strong></span> <span class='ocrx_word' id='word_1_240' title='bbox 916 3557 1008 3643; x_wconf 93' lang='lat' dir='ltr'><strong>quod</strong></span> <span class='ocrx_word' id='word_1_241' title='bbox 1031 3577 1094 3619; x_wconf 88' lang='lat' dir='ltr'><strong>acu</strong></span> <span class='ocrx_word' id='word_1_242' title='bbox 1118 3561 1282 3637; x_wconf 89' lang='lat' dir='ltr'><strong>punctum</strong></span> 
     </span>
    </p>

    <p class='ocr_par' dir='ltr' id='par_1_10' title="bbox 184 3652 1283 3852">
     <span class='ocr_line' id='line_1_32' title="bbox 184 3652 1283 3748; baseline -0.005 -22"><span class='ocrx_word' id='word_1_243' title='bbox 184 3660 416 3738; x_wconf 64' lang='lat' dir='ltr'><strong>(divideretur,</strong></span> <span class='ocrx_word' id='word_1_244' title='bbox 448 3685 508 3747; x_wconf 93' lang='lat' dir='ltr'><strong>pro</strong></span> <span class='ocrx_word' id='word_1_245' title='bbox 545 3664 616 3726; x_wconf 90' lang='lat' dir='ltr'><strong>ictu</strong></span> <span class='ocrx_word' id='word_1_246' title='bbox 655 3661 852 3748; x_wconf 85' lang='lat' dir='ltr'><strong>gladiatoris</strong></span> <span class='ocrx_word' id='word_1_247' title='bbox 884 3652 1034 3746; x_wconf 77' lang='lat' dir='ltr'><strong>probari.¹</strong></span> <span class='ocrx_word' id='word_1_248' title='bbox 1073 3659 1211 3732; x_wconf 89' lang='lat' dir='ltr'><strong>Verum,</strong></span> <span class='ocrx_word' id='word_1_249' title='bbox 1244 3665 1283 3721; x_wconf 94' lang='lat' dir='ltr'><strong>ut</strong></span> 
     </span>
     <span class='ocr_line' id='line_1_33' title="bbox 236 3764 1281 3852; baseline -0.003 -26"><span class='ocrx_word' id='word_1_250' title='bbox 236 3765 407 3852; x_wconf 87' lang='lat' dir='ltr'><strong>intellego,</strong></span> <span class='ocrx_word' id='word_1_251' title='bbox 429 3765 569 3831; x_wconf 85' lang='lat' dir='ltr'><strong>cavebat</strong></span> <span class='ocrx_word' id='word_1_252' title='bbox 592 3767 698 3850; x_wconf 89' lang='lat' dir='ltr'><strong>magis</strong></span> <span class='ocrx_word' id='word_1_253' title='bbox 722 3764 902 3849; x_wconf 87' lang='lat' dir='ltr'><strong>Pompeius</strong></span> <span class='ocrx_word' id='word_1_254' title='bbox 927 3787 1028 3849; x_wconf 88' lang='lat' dir='ltr'><strong>quam</strong></span> <span class='ocrx_word' id='word_1_255' title='bbox 1052 3764 1192 3830; x_wconf 85' lang='lat' dir='ltr'><strong>timebat</strong></span> <span class='ocrx_word' id='word_1_256' title='bbox 1214 3782 1281 3824; x_wconf 93' lang='lat' dir='ltr'><strong>non</strong></span> 
     </span>
    </p>

    <p class='ocr_par' dir='ltr' id='par_1_11' title="bbox 183 3867 1324 3957">
     <span class='ocr_line' id='line_1_34' title="bbox 183 3867 1324 3957; baseline 0.003 -30"><span class='ocrx_word' id='word_1_257' title='bbox 183 3882 214 3927; x_wconf 80' lang='lat' dir='ltr'><strong>ao</strong></span> <span class='ocrx_word' id='word_1_258' title='bbox 235 3889 274 3932; x_wconf 86' lang='lat' dir='ltr'><strong>ea</strong></span> <span class='ocrx_word' id='word_1_259' title='bbox 303 3869 422 3946; x_wconf 88' lang='lat' dir='ltr'><strong>solum,</strong></span> <span class='ocrx_word' id='word_1_260' title='bbox 456 3891 542 3954; x_wconf 84' lang='lat' dir='ltr'><strong>quae</strong></span> <span class='ocrx_word' id='word_1_261' title='bbox 581 3867 730 3932; x_wconf 87' lang='lat' dir='ltr'><strong>timenda</strong></span> <span class='ocrx_word' id='word_1_262' title='bbox 765 3876 870 3945; x_wconf 83' lang='lat' dir='ltr'><strong>erant,</strong></span> <span class='ocrx_word' id='word_1_263' title='bbox 901 3867 961 3933; x_wconf 88' lang='lat' dir='ltr'><strong>sed</strong></span> <span class='ocrx_word' id='word_1_264' title='bbox 995 3871 1116 3948; x_wconf 88' lang='lat' dir='ltr'><strong>omnia,</strong></span> <span class='ocrx_word' id='word_1_265' title='bbox 1148 3870 1189 3936; x_wconf 85' lang='lat' dir='ltr'><strong>ne</strong></span> <span class='ocrx_word' id='word_1_266' title='bbox 1220 3887 1280 3932; x_wconf 90' lang='lat' dir='ltr'><strong>vos</strong></span> <span class='ocrx_word' id='word_1_267' title='bbox 1321 3951 1324 3957; x_wconf 28' lang='grc' dir='ltr'>Ι</span> 
     </span>
    </p>
   </div>
   <div class='ocr_carea' id='block_1_3' title="bbox 0 0 1404 4367">
    <p class='ocr_par' dir='ltr' id='par_1_12' title="bbox 0 0 1404 4367">
     <span class='ocr_line' id='line_1_35' title="bbox 0 0 1404 4367; baseline 0 2"><span class='ocrx_word' id='word_1_268' title='bbox 0 0 1404 4367; x_wconf 95' lang='lat' dir='ltr'><strong> </strong></span> 
     </span>
    </p>
   </div>
  </div>
 </body>
</html>
