2800 4367
87 368 91 375 ·
153 376 155 379 ·
219 347 281 413 298
346 360 396 411 oa
413 359 570 410 miramo
588 357 645 407 cn.
665 356 805 406 ronrrr
823 354 876 405 An
893 354 1067 414 ourarras
1086 353 1248 404 onsrro.

269 556 338 598 rem
355 555 427 598 esse
444 532 616 597 declarant
630 531 665 593 in
682 551 747 594 usu
771 529 916 614 positam
940 527 1086 604 militari,
1104 549 1191 612 quae
1222 527 1348 591 huius

210 656 245 705 v35
268 640 331 703 viri
347 638 524 702 seientiam
540 634 658 721 fugere
674 635 790 718 possit.

216 747 256 808 29
312 760 363 805 xl.
395 741 468 804 Iam
484 761 565 805 vero
588 739 709 803 virtuti
735 737 797 802 Cn.
815 737 955 821 Pompei
976 757 1062 820 quae
1083 743 1197 820 potest
1215 737 1343 800 oratio

269 871 328 932 par
340 845 510 911 inveniri?
549 843 642 923 Quid
655 851 716 919 est,
731 842 823 927 quod
836 843 1016 927 quisquam
1029 848 1090 904 aut
1100 840 1160 904 illo
1173 840 1337 926 dignuin

268 960 328 1015 aut
365 950 459 1015 vobis
498 969 624 1013 novum
663 954 724 1012 aut
763 947 924 1031 cuiquam
970 944 1162 1009 inauditum
1212 945 1340 1030 possit

268 1056 424 1120 adferre?
469 1053 588 1138 Neque
605 1053 695 1116 enim
721 1052 797 1116 illae
814 1058 897 1115 sunt
912 1050 1001 1115 solae
1018 1049 1162 1114 virtutes
1179 1051 1337 1133 impera—

229 1177 244 1221 5
267 1162 380 1235 toriae,
397 1181 483 1244 quae
499 1159 603 1243 vulgo
620 1157 868 1231 existimantur,
885 1154 978 1219 labor
1000 1155 1036 1217 in
1052 1154 1208 1239 negotiis,
1227 1153 1335 1216 forti-

270 1264 353 1328 tudo
370 1265 403 1326 in
417 1263 585 1348 perieulis,
596 1260 764 1325 industria
776 1261 810 1322 in
824 1257 964 1345 agenda,
975 1258 1127 1322 celeritas
1138 1259 1172 1319 in
1185 1258 1332 1321 confici-

270 1369 366 1443 enda,
383 1367 560 1432 eonsilium
577 1367 612 1428 in
636 1363 853 1449 providenda
873 1383 959 1448 quae
983 1369 1078 1425 tanta
1102 1368 1184 1425 sunt
1200 1362 1237 1424 in
1254 1361 1328 1425 hoo

268 1495 345 1548 uno,
374 1480 502 1556 quanta
527 1471 562 1533 in
589 1469 743 1533 omnibus
771 1468 909 1552 reliquis
937 1465 1204 1552 imperatoribus,
1229 1487 1324 1549 quos

214 1580 326 1642 30aut
350 1575 496 1639 vidimus
523 1582 583 1638 aut
609 1572 810 1647 audivimus,
835 1593 902 1635 non
929 1569 1079 1636 fuerunt.
1127 1569 1238 1633 Testis
1263 1577 1325 1634 est

216 1697 244 1740 10
268 1681 375 1754 ltalia,
393 1701 493 1763 quam
510 1679 568 1742 ille
592 1679 663 1762 ipse
691 1677 801 1740 vietor
823 1676 862 1738 L.
890 1674 984 1739 Sulla
1011 1674 1112 1738 huius
1129 1674 1255 1738 virtute
1282 1683 1322 1738 et

267 1782 417 1847 subsidio
455 1781 629 1846 confessus
661 1788 715 1845 est
745 1780 939 1855 liberatam
978 1779 1073 1844 testis
1106 1785 1158 1842 est
1188 1776 1315 1854 Sicilia,

268 1910 368 1972 quam
397 1887 511 1951 multis
544 1885 696 1970 undique
728 1885 873 1948 oinotam
904 1884 1062 1968 perieulis
1087 1904 1155 1946 non
1188 1889 1315 1947 terrore

267 1992 357 2067 belli,
374 1991 434 2055 sed
450 1991 580 2054 consilii
596 1990 767 2054 eeleritate
781 1989 984 2072 explicavit;
1009 1989 1105 2052 testis
1123 1996 1175 2053 est
1184 1986 1311 2064 Africa,

267 2117 353 2180 quae
369 2095 500 2180 magnis
526 2114 683 2177 oppressa
709 2093 857 2157 hostium
886 2093 989 2177 eopiis
1018 2112 1135 2156 eorum
1164 2093 1309 2177 ipsorum

214 2216 243 2260 15
264 2201 429 2284 sanguine
446 2196 667 2272 redundavit3
692 2199 788 2261 testis
805 2205 857 2261 est
883 2195 1004 2272 Gallia,
1021 2219 1081 2280 per
1105 2218 1205 2280 quam
1230 2197 1311 2282 legi-

266 2301 386 2364 onibus
402 2299 525 2362 nostris
552 2299 617 2362 iter
631 2299 666 2361 in
683 2297 883 2382 Hispaniam
901 2297 1076 2362 Gallorum
1093 2299 1307 2363 internicione

267 2404 474 2489 patefactum
502 2410 573 2478 est3
606 2404 704 2467 testis
731 2410 785 2466 est
811 2402 988 2487 Hispania,
1006 2424 1092 2487 quae
1121 2403 1305 2486 saepissime

267 2510 429 2594 plurimos
460 2507 573 2571 hostes
601 2507 644 2570 ab
670 2507 733 2570 hoe
761 2514 935 2591 superatos
963 2513 1210 2592 prostratosque
1232 2512 1324 2572 oon·'

266 2614 380 2697 spexit
389 2637 397 2687 3
422 2612 518 2676 testis
535 2618 586 2675 est
612 2613 738 2675 iterum
765 2619 801 2676 et
827 2613 958 2696 saepius
988 2611 1097 2688 ltalia,
1122 2633 1205 2696 qnae
1229 2634 1301 2676 eum

213 2734 243 2777 ao
265 2717 381 2780 servili
408 2716 496 2780 bello
523 2723 631 2780 taetro
659 2717 916 2800 periculosoque
946 2722 1163 2800 premeretur,
1186 2716 1222 2780 ab
1242 2716 1300 2782 hoo

268 2820 433 2883 auxilium
458 2819 595 2883 absente
611 2821 788 2903 expetivit,
807 2819 898 2904 quod
916 2819 1043 2884 bellum
1059 2821 1298 2904 exspectatione

267 2925 338 2988 eius
354 2931 565 2988 attenuatum
590 2932 692 3008 atque
718 2925 934 2988 imminutum
953 2932 1013 3000 est,
1031 2923 1181 2989 adventu
1202 2924 1299 2988 subla-

214 3034 250 3094 31
268 3038 338 3091 tum
364 3051 401 3092 ae
429 3029 620 3112 sepultum3
644 3035 749 3093 testes
776 3051 867 3094 nuno
893 3050 971 3092 vero
998 3030 1064 3092 iam
1094 3050 1204 3092 omnes
1224 3037 1298 3092 sunt

266 3154 341 3196 orae
365 3141 467 3216 atque
495 3154 610 3197 ornnes
633 3140 769 3198 exterae
797 3139 914 3220 gentes
931 3153 968 3196 ao
985 3133 1148 3208 nationes
1166 3131 1295 3217 denique

213 3254 242 3297 25
264 3239 367 3300 maria
382 3238 493 3300 omnia
509 3258 586 3301 oum
611 3237 780 3313 universa,
797 3245 870 3301 tum
887 3237 922 3298 in
938 3236 1081 3322 singulis
1105 3237 1170 3300 oris
1193 3258 1294 3301 omnes

265 3343 358 3406 sinus
389 3334 490 3425 atque
523 3349 649 3426 portus.
697 3341 784 3421 Quis
813 3341 899 3405 enim
930 3348 1001 3404 toto
1026 3341 1109 3404 mari
1132 3340 1218 3404 loeus
1241 3363 1294 3425 per
1338 3386 1340 3390 -

265 3446 325 3509 hos
341 3467 446 3509 annos
462 3454 523 3508 aut
538 3453 606 3509 tam
624 3445 757 3509 firmum
784 3445 903 3510 habuit
928 3443 1140 3528 praesidium,
1159 3451 1195 3508 ut
1208 3452 1290 3510 tutus

264 3557 361 3626 esset,
386 3557 447 3613 aut
477 3557 546 3613 tam
576 3549 645 3614 fuit
674 3549 819 3626 abditus
845 3556 885 3612 ut
911 3548 1054 3614 lateret?
1102 3549 1186 3628 Quis
1214 3551 1290 3614 navi·

265 3657 367 3737 gavit,
396 3655 455 3738 qui
483 3676 551 3718 non
578 3677 613 3720 se
641 3660 702 3718 aut
727 3655 843 3718 mortis
867 3660 927 3716 aut
958 3654 1134 3717 servitutis
1160 3654 1289 3738 periculo

212 3771 242 3816 ³0
264 3761 498 3836 eonmritteret,
529 3781 607 3824 oum
638 3765 698 3822 aut
729 3758 836 3820 hieme
867 3763 926 3819 aut
957 3755 1081 3821 referto
1104 3757 1287 3842 praedonum

265 3865 349 3926 mari
366 3864 563 3949 navigaret?
608 3861 683 3924 Hoo
700 3868 833 3924 tantum
858 3859 1078 3936 bellum,ta1n
1106 3868 1208 3946 turpe,
1229 3869 1283 3924 tam
