2800 4367
197 315 261 381 144
275 269 292 292 i
555 327 762 378 nrrsronaa
785 325 985 378 sunnonis.

197 499 403 566 inomnibus
433 499 550 564 invitis
581 497 688 562 trudit
726 505 839 562 noster
870 498 1017 584 Magnus
1055 499 1138 563 Auli
1175 499 1279 576 filiurn,

251 613 352 689 atque
369 605 405 667 in
423 624 463 668 eo
478 624 588 687 neque
604 603 804 666 auctoritate
822 623 932 687 neque
948 604 1057 689 gratia
1080 610 1218 689 pugnat,
1232 605 1282 670 sed

249 707 372 794 quibus
388 707 568 792 Philippus
583 707 696 771 omnia
718 706 856 770 castella
878 707 1067 791 expugnari
1090 729 1187 791 posse
1210 707 1284 772 dice

248 813 316 888 bat,
340 813 375 875 in
398 832 484 896 quae
511 810 609 874 modo
634 810 759 876 asellus
783 816 925 874 onustus
948 831 1029 874 auro
1053 820 1167 896 posset
1186 833 1285 876 ascen-
1346 802 1352 869 '.‘

196 916 347 990 1rndere3
385 916 504 980 consul
533 922 646 979 autem
677 914 734 979 ille
765 913 941 980 deterioris
972 914 1145 981 histrionis
1178 917 1285 980 similis

249 1020 435 1104 suscepisse
459 1019 633 1105 negotium
656 1017 781 1082 dicitur
805 1025 840 1082 et
859 1017 953 1082 ,dorni
979 1018 1141 1085 divisores
1167 1019 1287 1095 habero,
1353 1003 1354 1034 ³

250 1123 341 1210 quod
364 1145 428 1210 ego
457 1144 525 1186 non
555 1121 664 1186 credo.
711 1120 777 1188 Sed
800 1129 937 1187 senatus
961 1124 1118 1189 consulta
1140 1125 1209 1188 duo
1232 1126 1287 1188 ian
1354 1147 1355 1150 ¹

250 1229 341 1293 facta
366 1236 448 1292 sunt
473 1226 598 1302 odiosa,
625 1225 717 1311 quod
744 1227 777 1290 in
805 1227 977 1293 consulem
1004 1228 1096 1293 facta
1122 1236 1289 1314 putantur,
1352 1271 1365 1315 ,¹

251 1332 379 1398 Catone
402 1340 438 1398 et
460 1331 610 1395 Domitio
632 1331 837 1415 postulante,
861 1353 978 1408 unum,
1003 1340 1043 1396 ut
1065 1333 1157 1418 apud
1182 1334 1291 1419 magis·
1351 1320 1357 1391 ἶ

198 1445 358 1503 1aotratus
389 1437 514 1521 inquiri
544 1435 669 1510 liceret,
701 1436 856 1512 alterum,
884 1437 981 1502 cuius
1011 1436 1103 1501 domi
1134 1437 1292 1502 divisores
1352 1428 1358 1507 f

199 1545 237 1606 13
247 1541 444 1615 habitarent,
467 1539 629 1604 adversus
651 1561 722 1604 rem
754 1529 946 1625 publicam,
976 1541 1086 1606 Lurco
1105 1551 1221 1608 autem
1244 1542 1293 1605 tri·

250 1646 362 1710 hunus
385 1644 428 1729 pl.
457 1645 591 1709 solutus
614 1652 666 1710 est
689 1651 724 1708 et
748 1643 847 1709 Aelia
869 1653 905 1710 et
928 1644 1034 1722 Fufia,
1060 1654 1100 1710 ut
1122 1648 1235 1734 legem
1257 1645 1293 1708 de
1357 1635 1359 1700 l

139 1763 142 1766 ’
250 1749 378 1814 ambitu
404 1749 518 1825 ferret,
535 1769 637 1834 quam
663 1749 720 1813 ille
751 1748 835 1814 bono
857 1751 1006 1834 auspicio
1028 1751 1171 1816 claudus
1200 1753 1293 1816 homo
1358 1769 1360 1828 ᾗ

250 1854 492 1939 promulgavit:
519 1854 567 1918 ita
594 1854 730 1918 comitia
757 1855 790 1918 in
818 1876 847 1918 a.
864 1853 896 1918 d.
913 1872 961 1920 vr.
982 1855 1057 1920 Kal.
1074 1855 1170 1922 Sext.
1196 1857 1294 1920 dilata

199 1977 241 2022 raa
250 1967 342 2023 sunt.
388 1957 476 2022 Novi
492 1958 594 2023 estin
610 1959 685 2045 lege
703 1959 833 2035 hoaut,
847 1961 906 2045 qui
917 1981 1072 2026 nummos
1088 1962 1124 2025 in
1141 1961 1293 2026 tribubus

250 2063 484 2148 pronuntiarit,
500 2064 529 2126 si
547 2084 613 2126 non
630 2062 770 2140 dederit,
790 2065 926 2149 impune
949 2065 1005 2140 sit,
1021 2066 1073 2130 sin
1090 2065 1233 2140 dederit,
1251 2072 1292 2138 ut,

251 2166 362 2252 quoad
379 2168 481 2242 vivat,
498 2168 643 2254 singulis
659 2168 814 2233 tribubus
831 2167 902 2232 HS.
919 2185 977 2233 010
993 2184 1053 2232 010
1075 2185 1134 2234 clo
1157 2170 1293 2236 debeat:
1362 2219 1363 2223 ,

250 2271 321 2336 dixi
345 2273 430 2336 hanc
453 2272 561 2359 legem
584 2272 623 2336 P.
644 2271 801 2337 Clodium
831 2274 895 2336 iam
926 2280 1003 2338 ante
1026 2295 1197 2352 servasse;
1229 2295 1296 2360 pro
1361 2299 1362 2302 ¹

251 2379 406 2441 nuntiare
423 2378 511 2442 enim
527 2378 664 2441 solitum
681 2399 754 2443 esse
772 2384 807 2442 et
823 2399 890 2441 non
912 2377 1000 2443 dare.
1047 2377 1123 2454 Sed,
1141 2375 1294 2445 haustu!
1362 2409 1365 2452 3

199 2481 388 2546 1covidesne
415 2481 627 2545 consulatum
651 2483 750 2546 illurn
766 2489 928 2558 nostrum,
946 2504 1046 2567 quem
1071 2482 1175 2548 Curio
1199 2492 1295 2548 antea
1362 2469 1364 2546 ³,

252 2585 407 2639 ἀποθέωσιν
424 2586 572 2661 vocabat,
590 2588 618 2650 si
642 2587 695 2652 hic
719 2587 831 2650 factus
854 2588 928 2661 erit,
952 2589 1091 2652 mimum
1116 2587 1296 2654 futurum?
1363 2557 1365 2656 l

251 2710 363 2772 quare,
380 2697 421 2753 ut
435 2690 562 2774 opinor,
578 2692 789 2767 φιλοσοφητέον,
814 2690 849 2753 ld
872 2690 963 2775 quod
986 2699 1024 2756 iu
1048 2692 1140 2770 facis,
1158 2701 1194 2758 e'i
1216 2695 1294 2759 lSiOS

200 2794 444 2858 llconsulatus
472 2815 538 2856 non
565 2792 659 2856 flocci
683 2792 827 2858 facteon.
876 2793 977 2872 Quod
1000 2795 1042 2858 ad
1059 2818 1111 2861 rna
1127 2799 1248 2864 scribis
1265 2805 1295 2860 te
1364 2767 1365 2850 l

252 2897 287 2959 in
304 2897 420 2960 Asiam
436 2899 594 2962 statuisse
610 2918 676 2960 non
694 2897 752 2974 irc,
769 2898 925 2983 equidem
950 2900 1094 2976 mallem,
1112 2909 1153 2965 ut
1168 2903 1243 2978 ires,
1260 2922 1294 2963 ac

200 3019 243 3064 195
253 3023 377 3077 vereor,
405 3024 446 3066 ne
475 3001 557 3085 quid
584 3002 620 3064 in
645 3001 711 3066 ista
737 3024 772 3067 re
800 3005 911 3068 minus
936 3003 1107 3086 commode
1135 3006 1215 3081 fiat3
1240 3003 1297 3070 sed

252 3111 365 3170 tamen
403 3127 470 3169 non
508 3126 643 3190 possum
682 3107 923 3191 reprehendere
966 3109 1144 3174 consilium
1189 3117 1294 3181 tuum,

252 3210 446 3292 praesertim
478 3231 555 3273 cnm
585 3218 718 3296 egomet
748 3212 783 3274 in
815 3213 1020 3297 provinciam
1048 3234 1116 3276 non
1140 3215 1204 3277 sim
1228 3234 1297 3298 pro-

201 3315 239 3378 15
250 3311 369 3378 fectus.
416 3313 675 3400 Epigrammatis
692 3316 770 3390 tuis,
788 3337 872 3400 quae
889 3318 924 3380 in
941 3317 1123 3382 Amaltheo
1144 3317 1294 3401 posuisti,

254 3419 403 3483 contenti
453 3420 586 3495 erimus
625 3419 818 3503 praesertim
856 3442 933 3484 curn
971 3430 1006 3485 et
1044 3421 1202 3507 Thyillus
1240 3442 1295 3485 nos

200 3523 429 3608 aooreliqnerit
451 3530 485 3587 et
508 3523 649 3587 Archias
669 3523 757 3593 nihil
781 3524 821 3588 de
845 3546 896 3590 me
919 3527 1099 3610 scripserit,
1117 3548 1155 3590 ac
1174 3549 1294 3600 vereor,
1364 3542 1365 3633 p

254 3649 307 3703 ne,
330 3627 483 3692 Lucullis
506 3628 664 3711 quoniam
688 3625 855 3690 Graecum
879 3632 997 3712 poema
1024 3629 1186 3707 condidit,
1209 3650 1294 3695 nnnc

204 3734 242 3796 16
253 3730 295 3795 ad
312 3730 534 3795 Caecilianam
552 3730 700 3794 fabulam
724 3739 861 3815 spectet.
909 3733 1060 3796 Antonio
1083 3741 1142 3798 tuo
1166 3737 1295 3800 nomina
1364 3780 1365 3825 ,

254 3835 380 3921 gratias
395 3835 449 3921 egi
465 3856 604 3919 eamque
620 3836 796 3919 epistolam
820 3835 938 3902 Mallio
961 3835 1146 3902 dedi—ad
1169 3845 1204 3904 te
1227 3841 1295 3904 ideo
