2800 4367
483 344 563 399 cns.
588 348 644 410 re,
667 346 682 410 s
704 347 775 398 cro.
1138 333 1198 399 101

75 518 193 605 quod
207 521 336 598 mirere,
348 522 376 585 si
393 541 470 584 cum
481 518 588 584 isdem
605 542 657 584 me
674 521 709 583 in
726 519 786 583 hac
802 541 902 584 causa
915 519 1008 585 vides
1021 518 1147 597 adesse,

75 647 175 701 cum
200 626 324 710 quibus
355 627 389 688 in
418 625 537 689 ceteris
565 624 735 710 intellegis
764 622 915 689 afuisse?
969 623 1041 688 Nisi
1069 646 1147 689 vero

76 750 147 792 me
174 751 283 792 unum
306 730 357 794 vis
381 727 491 793 ferum
516 735 649 812 praeter
674 735 812 804 ceteros,
837 751 889 793 me
913 750 1078 814 asperum,
1095 751 1146 794 me

76 833 321 896 inhumanum
360 833 556 906 existimari,
589 853 640 896 me
679 831 843 917 singulari
884 833 1079 897 inmanitate
1114 841 1150 898 et
1185 851 1200 894 s

77 935 298 1000 crudelitate
316 935 513 1021 praeditum.
562 934 659 999 Hanc
678 934 760 997 mihi
784 942 822 998 tu
847 936 875 999 si
900 943 1034 1020 propter
1057 958 1146 1000 meas
1169 940 1189 1002 8

79 1061 149 1102 res
174 1048 286 1125 gestas
314 1041 457 1124 imponis
480 1041 513 1102 in
542 1040 632 1102 omni
661 1039 731 1102 vita
761 1059 844 1114 mea,
868 1039 1049 1123 Torquate,
1078 1062 1147 1124 per-

79 1165 223 1220 sonam,
255 1143 471 1208 vehementcr
501 1163 601 1207 erras
648 1142 705 1206 Me
738 1149 859 1206 natura
890 1142 1145 1219 misericordem,

80 1249 207 1331 patria
232 1270 397 1322 severum,
423 1246 592 1312 crudelem
620 1268 680 1311 nec
707 1248 815 1331 patria
844 1268 904 1312 nec
932 1255 1051 1311 natura
1074 1267 1172 1312 esse*

82 1352 227 1427 voluit3
266 1351 411 1436 denique
443 1353 543 1415 istam
574 1352 679 1435 ipsam
711 1372 885 1435 personam
916 1351 1147 1417 vehementem
1171 1368 1200 1414 10

81 1464 130 1520 et
153 1478 275 1533 acrem,
301 1478 402 1541 quam
430 1455 510 1518 mihi
535 1463 608 1519 tum
632 1462 765 1541 tempus
789 1464 824 1520 et
853 1478 905 1520 res
936 1455 1070 1541 publica
1099 1457 1146 1519 in·

83 1561 220 1644 posuit,
237 1562 302 1623 iam
320 1560 477 1624 voluntas
493 1566 529 1622 et
544 1567 665 1622 natura
680 1559 753 1642 ipsa
769 1557 925 1623 detraxit.
974 1559 1036 1622 Illa
1056 1560 1146 1624 enim

83 1664 138 1727 ad
158 1665 259 1729 breve
283 1672 415 1748 tempus
440 1665 655 1728 severitatem
679 1664 875 1747 postulavit,
893 1663 972 1728 haec
997 1665 1144 1728 inomni
1193 1723 1195 1726 .

30 1789 36 1796 ·
85 1771 167 1833 vita
209 1768 470 1834 misericordiam
513 1769 755 1852 lenitatemque
793 1767 971 1832 desiderat.
1033 1767 1187 1847 Quare9

86 1874 181 1937 nihil
211 1881 273 1951 est,
305 1872 397 1957 quod
427 1895 470 1937 ex
498 1880 594 1936 tanto
620 1873 783 1936 comitatu
808 1873 957 1935 virorum
988 1874 1147 1958 amplissi-
1171 1890 1198 1934 rs

87 2001 227 2042 morum
238 2000 290 2043 me
303 1999 409 2042 unum
425 1976 617 2051 abstrahas3
635 1976 777 2061 simplex
796 1975 941 2040 officium
959 1986 1060 2061 atque
1078 1999 1145 2041 una

88 2083 259 2147 bonorum
297 2089 350 2146 est
386 2082 536 2145 omnium
567 2101 676 2144 causa.
733 2078 826 2142 Nihil
864 2081 938 2157 erit,
970 2081 1061 2166 quod
1091 2081 1145 2145 ad·

88 2189 213 2252 mirere
244 2186 394 2272 posthac,
418 2188 446 2250 si
477 2188 512 2249 in
543 2207 582 2250 ea
613 2193 716 2270 parte,
741 2187 776 2247 in
807 2207 873 2269 qua
905 2186 964 2250 hos
994 2187 1143 2250 animum

90 2292 291 2369 adverteris,
308 2314 359 2356 me
385 2290 524 2356 videbis.
572 2290 676 2354 Nulla
698 2297 751 2354 est
774 2291 862 2353 enim
890 2291 925 2352 in
953 2291 1144 2375 republica

91 2419 169 2462 mea
192 2417 293 2461 causa
322 2396 475 2482 propria3
508 2404 641 2479 tempus
672 2393 794 2480 agendi
827 2394 894 2458 fuit
925 2395 1006 2458 mihi
1039 2397 1143 2481 magis
1167 2411 1197 2456 20

90 2502 268 2587 proprium
305 2523 407 2586 quarn
444 2501 574 2576 ceteris
607 2499 731 2564 doloris
770 2522 850 2564 vero
884 2507 920 2563 et
950 2501 1077 2563 timoris
1109 2508 1144 2564 et

92 2607 238 2691 periculi
253 2604 322 2669 fuit
333 2607 391 2668 illa
406 2625 507 2670 causa
523 2605 728 2680 communis;
754 2623 863 2687 neque
881 2605 969 2667 enim
982 2626 1044 2690 ego
1061 2611 1142 2668 tunc

93 2713 251 2797 princeps
267 2708 468 2774 adsalutem
484 2730 556 2773 esse
573 2708 768 2793 potuissem,
785 2710 813 2772 si
830 2729 901 2772 esse
924 2709 981 2771 alii
1005 2710 1142 2773 comites

92 2816 293 2879 noluissent.
351 2812 465 2892 Quare
503 2834 637 2877 necesse
675 2819 737 2888 est,
769 2810 861 2896 quod
900 2812 981 2875 mihi
1012 2813 1142 2876 consuli

93 2921 311 3004 praecipuum
343 2917 410 2982 fuit
445 2925 575 3002 praeter
612 2917 705 2992 alioS,
739 2915 774 2980 id
804 2918 870 2980 iarn
902 2918 1033 3002 privato
1066 2939 1143 2980 oum
1166 2932 1195 2976 rs

93 3025 214 3088 ceteris
253 3044 324 3086 esse
356 3043 542 3086 commune.
598 3020 717 3106 Neque
749 3042 811 3106 ego
850 3020 912 3084 hoc
950 3020 1140 3106 partiendae

95 3126 252 3201 invidiae,
283 3125 341 3190 sed
379 3124 675 3191 communicandae
714 3124 824 3188 laudis
864 3146 963 3190 causa
1001 3125 1140 3209 loqu0r;

95 3232 205 3314 oneris
244 3231 309 3294 mei
351 3238 477 3314 partem
516 3230 640 3294 nemini
680 3230 845 3313 impertis,
884 3230 1008 3316 gloriae
1047 3229 1141 3293 bonis

96 3335 260 3399 omnibus.
308 3334 370 3397 ‘In
387 3335 593 3397 Autronium
611 3334 841 3398 testimonium
854 3332 993 3408 dixisti:
1012 3333 1195 3417 inquit310

97 3439 246 3504 ‘Sullam
263 3437 438 3503 defendis.’
488 3438 562 3501 Hoc
587 3445 697 3501 toturn
722 3437 903 3502 eiusmodi
926 3435 1141 3514 estiudiceS,
1166 3453 1195 3497 30

97 3553 143 3620 ut,
160 3545 190 3608 si
206 3565 271 3630 ego
286 3564 361 3607 sum
377 3545 570 3606 inconstans
587 3563 624 3605 ac
644 3542 738 3618 levis
757 3563 817 3606 nec
834 3543 1025 3606 testimonio
1042 3541 1141 3606 fidem

98 3649 199 3713 tribui
222 3651 418 3714 convenerit
440 3670 500 3713 nec
525 3646 713 3712 defensioni
737 3648 994 3721 auctoritatem
1021 3649 1073 3712 sin
1089 3654 1142 3712 est

99 3754 131 3815 in
146 3776 199 3818 me
215 3754 301 3816 ratio
323 3754 369 3816 rei
393 3752 557 3837 publicae,
575 3752 692 3837 religio
717 3751 839 3835 privati
863 3751 972 3827 officii,
990 3751 1155 3825 studium,

100 3856 288 3922 retinendae
315 3858 501 3922 voluntatis
528 3855 700 3929 bonorum,
725 3854 809 3916 nihil
836 3857 946 3918 minus
970 3862 1142 3919 accusator
