2800 4367
218 315 282 382 164
555 326 759 378 urrsromu
781 325 978 378 sensoria.

270 510 321 567 tes
336 523 427 567 meos
443 500 484 566 de
501 522 574 566 mea
588 501 734 586 pernicie
750 500 889 566 consilia
904 501 1071 566 inirentur
1081 541 1131 578 —,
1146 507 1207 566 aut
1220 509 1297 569 certe
1353 500 1368 595 ξ

231 609 251 672 3
272 607 371 672 vivus
387 627 455 670 non
470 605 682 670 amitterem?
730 603 822 670 Haec
838 625 878 669 eo
893 605 1022 690 scripsi,
1039 614 1079 669 ut
1100 607 1210 691 potius
1231 609 1299 672 rele·
1353 606 1368 689 l

270 732 365 776 vares
380 731 444 786 me,
460 708 552 795 quod
566 708 660 784 facis,
677 729 779 794 quam
794 717 835 772 ut
849 709 1068 795 castigatione
1084 718 1142 774 aut
1164 710 1301 797 obiurga·
1354 692 1368 771 l

217 835 247 880 sc
268 816 359 880 tione
376 813 518 900 dignum
534 821 682 898 putares,
698 834 806 898 eoque
821 811 865 877 ad
881 819 914 878 tc
934 814 1045 878 minus
1068 815 1174 879 multa
1196 815 1300 887 scribo,
1332 778 1362 859 'l

270 918 361 1004 quod
391 928 426 983 et
449 938 595 982 maerore
619 917 783 1003 impedior
805 923 849 994 et,
875 916 967 1004 quod
990 926 1183 1003 exspectem
1206 920 1302 994 istinc,
1358 910 1363 937 ³

269 1023 375 1109 magis
399 1021 515 1098 habeo,
538 1043 640 1106 quam
667 1021 759 1106 quod
783 1023 853 1106 ipse
879 1021 1038 1088 scribam:
1064 1025 1305 1107 quaesierunt
1367 1007 1368 1066 ἲ

268 1127 381 1202 allata,
397 1125 518 1190 faciam
534 1135 566 1190 te
582 1127 714 1191 consilii
731 1128 837 1191 nostri
858 1127 1055 1202 certiorem3
1079 1135 1128 1204 tu,
1145 1135 1187 1191 ut
1208 1127 1304 1191 adhuc
1358 1133 1368 1173 -3

270 1231 391 1307 fecisti,
408 1251 510 1315 quam
537 1231 690 1316 plurimis
716 1230 758 1296 de
785 1231 883 1297 rebus
909 1231 1027 1296 adme
1056 1232 1160 1297 velim
1183 1231 1306 1304 scribas,

215 1353 244 1398 ³5
266 1344 306 1399 ut
329 1357 465 1421 prorsus
487 1357 528 1399 ne
553 1335 637 1419 quid
662 1336 821 1422 ignorem.
870 1336 959 1401 Data
975 1353 1072 1400 XIIII.
1097 1336 1175 1402 Kal.
1196 1335 1307 1416 Quinc·
1358 1322 1368 1391 i

267 1439 344 1505 tiles
360 1439 608 1504 Thessalonica.

664 1667 923 1680 m.
1357 1406 1366 1829 ς

740 1879 877 1945 XVIII.

675 2051 741 2109 (An.
753 2051 823 2098 Aur.
834 2063 876 2098 111.
888 2051 936 2108 la)

619 2215 752 2263 CICERO
774 2215 905 2264 'ATTICO
927 2215 1006 2264 SAL.

229 2373 244 2432 1
312 2369 412 2449 Quod
427 2370 470 2433 ad
486 2377 518 2434 te
535 2369 730 2454 scripseram
747 2390 798 2432 me
815 2370 848 2432 in
875 2369 977 2454 Epiro
1003 2368 1171 2448 futurum,
1189 2377 1310 2456 postca·

268 2495 369 2558 quam
399 2475 574 2539 extenuari
612 2495 706 2558 spem
745 2481 892 2538 nostram
930 2482 965 2537 et
1002 2495 1203 2540 evanescere
1235 2471 1307 2544 vidi,

266 2579 394 2643 mutavi
418 2578 604 2653 consilium,
628 2600 690 2642 nec
718 2600 770 2643 me
795 2577 1032 2642 Thessalonica
1055 2581 1234 2653 commovi,
1258 2575 1309 2638 ubi

265 2703 335 2746 esse
359 2690 552 2759 statueram,
571 2683 682 2768 quoad
706 2681 837 2767 aliquid
860 2681 903 2744 ad
926 2703 978 2746 me
1006 2681 1047 2747 de
1072 2705 1112 2748 eo
1139 2683 1306 2750 scriberes,

226 2801 240 2844 s
263 2786 354 2869 quod
376 2790 536 2872 proximis
563 2788 685 2852 litteris
711 2788 908 2871 scripseras:
940 2785 1021 2862 fore,
1047 2787 1098 2850 uti
1122 2785 1308 2853 secundum

264 2893 399 2956 comitia
425 2894 553 2977 aliquid
577 2893 618 2956 de
646 2892 740 2956 nobis
772 2892 806 2953 in
834 2897 954 2954 senatu
985 2899 1159 2976 ageretur3
1194 2890 1229 2954 id
1252 2885 1306 2952 tibi

264 2993 462 3080 Pompeium
478 2997 612 3059 dixisse.
660 2995 737 3075 Qua
753 2996 794 3060 de
810 3017 855 3069 re,
869 2995 1028 3078 quoniam
1043 2997 1180 3060 comitia
1198 2991 1307 3058 habita

264 3106 346 3162 sunt
370 3107 476 3183 tuque
503 3098 587 3161 nihil
610 3099 653 3162 ad
677 3121 730 3164 me
759 3098 884 3174 scribis,
902 3097 1040 3183 proinde
1065 3099 1195 3165 habebo
1223 3119 1259 3162 ac
1281 3094 1305 3157 si

231 3248 237 3258 .
263 3201 450 3285 scripsisses
467 3202 551 3265 nihil
567 3224 648 3278 esse,
667 3224 775 3287 neque
793 3224 845 3267 me
862 3203 1019 3286 temporis
1037 3223 1109 3266 non
1131 3198 1304 3290 longinqui

212 3319 241 3364 10
262 3325 320 3388 spe
337 3304 477 3369 ductum
493 3327 564 3370 esse
581 3307 719 3371 moleste
735 3305 858 3381 feram3
886 3327 986 3390 quern
1002 3313 1114 3370 autem
1130 3315 1259 3372 motum
1274 3311 1303 3364 te

263 3407 377 3472 videre
401 3409 589 3493 scripseras,
614 3411 672 3494 qui
696 3409 790 3474 nobis
812 3411 907 3475 utilis
931 3409 1002 3474 fore
1028 3412 1208 3487 videretur,
1232 3425 1301 3473 eum

264 3514 432 3588 nuntiant,
465 3515 523 3597 qui
553 3515 706 3589 veniunt,
737 3514 870 3578 nullum
899 3514 980 3579 iore.
1020 3515 1061 3579 In
1088 3515 1231 3579 tribunis
1259 3509 1300 3594 pl·

264 3615 447 3702 designatis
470 3616 600 3700 reliqua
624 3638 700 3701 spes
726 3626 795 3694 est3
828 3640 928 3704 quam
959 3620 988 3683 si
1012 3627 1214 3703 exspectem,
1238 3633 1297 3677 non

264 3721 337 3796 erit,
354 3721 445 3805 quod
461 3729 560 3806 putes
577 3742 628 3784 me
646 3743 764 3788 causae
781 3745 873 3788 meae
890 3730 950 3786 aut
967 3725 1136 3788 voluntati
1160 3737 1299 3787 meorum

229 3822 422 3900 adnuisse,
484 3824 584 3911 Quod
611 3847 663 3890 me
688 3847 789 3910 saepe
816 3848 961 3902 accusare,
988 3849 1051 3898 ,cur
1075 3828 1166 3892 hunc
1195 3841 1295 3890 meum
