2800 4367
204 319 267 386 304
332 334 381 385 Du
398 335 555 385 IMPERIO
573 334 629 384 CN.
650 333 790 383 POMPEI
807 333 859 382 AD
876 331 1052 394 QUlRl'l'ES
1069 331 1225 384 ORATIO.

255 507 358 571 tariae
374 515 555 570 consecuta
570 514 622 571 est
638 507 739 569 nnius
757 505 900 570 hominis
916 525 973 588 spe
990 525 1028 568 ac
1042 505 1187 581 nomine,
1202 525 1353 589 quan-

198 627 236 698 at
254 619 323 674 tam
351 611 410 674 vix
438 631 481 674 ex
511 630 641 674 summa
673 608 825 674 ubertate
859 629 1015 696 agrorum
1047 607 1212 672 diuturna
1245 629 1348 692 pax

201 717 241 781 45
253 714 382 780 efficere
420 715 596 799 potuisset.
653 713 723 776 Iam
751 719 888 797 accepta
915 713 949 775 in
974 711 1085 776 Ponto
1112 712 1343 776 calamitate

253 841 351 884 exeo
368 818 504 902 proelia,
521 816 561 882 de
578 838 646 901 quo
663 837 722 880 vos
748 816 847 900 paulo
872 823 950 881 ante
975 817 1105 882 invitus
1131 815 1338 891 admonui,

254 945 330 988 cum
357 923 438 986 sccii
466 921 728 1006 pertimuissent,
753 921 901 986 hostium
928 942 1007 1006 opes
1034 921 1206 1005 animique
1245 942 1340 984 ore-

254 1029 392 1102 vissent,
409 1027 492 1091 satis
510 1025 643 1088 firmum
658 1024 864 1110 praesidium
880 1026 1055 1111 provincia
1071 1046 1137 1089 non
1154 1024 1331 1098 haberet,

200 1148 230 1193 so
251 1133 448 1196 amisissetis
478 1131 605 1206 Asiam,
635 1129 796 1208 Quirites,
826 1131 891 1194 nisi
916 1129 957 1194 ad
984 1131 1094 1214 ipsum
1120 1129 1330 1193 discrimen

253 1237 324 1300 eius
350 1235 508 1320 temporis
531 1233 777 1300 divinitusOn.
795 1233 992 1318 Pompeium
1009 1233 1051 1298 ad
1068 1255 1122 1298 eas
1148 1234 1326 1318 regiones

253 1338 390 1403 fortuna
406 1338 523 1423 populi
548 1339 691 1403 Romani
714 1338 895 1404 attulisset.
943 1338 1057 1403 Huius
1083 1337 1261 1402 adventus
1284 1345 1327 1402 et

253 1443 486 1508 Mithridatem
517 1444 652 1508 insolita
684 1441 926 1508 inflammatum
961 1443 1100 1508 victoria
1132 1441 1322 1506 continuit

252 1556 287 1612 et
311 1548 491 1633 Tigranem
518 1549 648 1634 magnis
672 1547 776 1632 copiis
802 1548 1013 1612 minitantem
1030 1547 1131 1610 Asiae
1158 1545 1322 1610 retarda-

199 1667 228 1714 st
250 1653 311 1716 vit.
358 1652 404 1715 Et
428 1653 610 1736 quisquam
637 1651 815 1728 dubitabit,
834 1651 917 1736 quid
935 1652 1061 1716 virtute
1089 1649 1316 1734 perfecturus

253 1758 307 1832 sit,
325 1758 384 1841 qui
401 1736 533 1821 tautum
563 1757 764 1822 auctoritate
792 1754 981 1841 perfecerit,
1000 1762 1059 1819 aut
1076 1770 1176 1838 quam
1202 1751 1315 1817 facile

254 1863 392 1945 imperio
432 1870 535 1945 atque
567 1863 719 1926 exercitu
750 1860 857 1925 socios
888 1867 923 1924 et
955 1858 1134 1944 vectigalia
1172 1879 1313 1921 conser-

253 1974 393 2030 vaturus
423 1967 478 2040 sit,
507 1968 567 2051 qui
595 1967 666 2050 ipso
695 1966 829 2030 nomine
857 1986 895 2030 ac
922 1985 1054 2028 rumore
1085 1960 1312 2027 defenderit?

200 2071 241 2134 46
253 2087 329 2132 xvr.
361 2072 436 2156 Age
452 2091 532 2134 vero
548 2071 606 2156 illa
622 2092 674 2134 res
690 2078 853 2154 quantam
871 2068 1019 2134 declarat
1032 2065 1180 2132 eiusdem
1198 2065 1309 2129 homi·

209 2167 212 2173 ’
252 2175 305 2237 nis
322 2173 411 2258 apud
427 2173 540 2238 hostes
565 2174 683 2258 populi
710 2168 853 2238 Romani
878 2173 1123 2248 auctoritatem,
1141 2169 1235 2255 quod
1260 2192 1305 2235 ex
1369 2197 1370 2202 ¹

252 2278 334 2341 locis
361 2285 431 2340 tam
461 2278 657 2363 longinquis
684 2285 821 2362 tamque
847 2277 989 2342 diversis
1014 2285 1081 2340 tam
1105 2259 1197 2340 brevi
1221 2283 1305 2340 tern-

254 2403 332 2465 pore
359 2402 473 2445 omnes
489 2381 567 2446 huic
593 2402 629 2446 se
651 2369 952 2448 uni'dedide'runtt
977 2380 1070 2467 quod
1086 2379 1300 2445 Cretensium

214 2487 364 2570 elegati,
392 2507 469 2549 curn
500 2487 535 2548 in
571 2508 687 2550 eorum
718 2488 830 2552 insula
852 2494 970 2552 noster
1002 2487 1180 2570 imperator
1209 2506 1301 2548 exer-

253 2590 409 2675 citusque
441 2601 538 2667 esset,
566 2590 609 2654 ad
641 2590 703 2654 On.
732 2591 930 2676 Pompeium
963 2591 997 2654 in
1029 2591 1166 2653 ultimas
1197 2609 1297 2673 prope

253 2703 358 2758 terras
383 2703 551 2758 venerunt
576 2695 674 2778 eique
702 2717 736 2760 se
765 2717 879 2759 omues
908 2695 1120 2760 Cretensium
1146 2693 1298 2758 civitates

253 2797 374 2862 dedere
399 2799 486 2862 velle
510 2798 689 2862 dixerunt!
738 2798 856 2878 Quid?
882 2798 970 2863 idem
994 2799 1056 2863 iste
1082 2796 1295 2862 Mithridates

255 2923 366 2966 nonne
394 2901 437 2965 ad
464 2902 607 2966 eundem
636 2902 698 2967 Cn.
725 2903 923 2987 Pompeium
946 2904 1095 2989 legatum
1124 2923 1230 2987 usque
1261 2901 1294 2963 in

200 3022 229 3067 10
252 3006 451 3090 Hispaniam
489 3007 605 3070 misit?
651 3030 738 3084 eum,
778 3029 878 3092 quem
919 3008 1100 3092 Pompeius
1147 3007 1299 3092 legatum.

252 3133 383 3194 semper
413 3110 584 3189 iudicavit,
623 3100 656 3186 ii,
684 3111 808 3196 quibus
840 3118 912 3176 erat
944 3113 1122 3176 molestum
1155 3110 1290 3174 adeum

252 3214 462 3299 potissimum
490 3237 560 3279 esse
586 3216 733 3291 missum,
750 3215 994 3300 speculatorem
1023 3237 1125 3300 quam
1148 3215 1288 3300 legatum

255 3318 396 3383 iudicari
423 3319 627 3385 maluerunt.
688 3319 835 3384 Potestis
868 3321 973 3406 igitur
996 3320 1061 3384 iam
1085 3320 1287 3391 constituere,

254 3423 415 3502 Quirites,
432 3423 517 3488 hane
533 3425 768 3488 auctoritatem
787 3425 902 3489 multis
928 3431 1045 3508 postea
1072 3422 1170 3488 rebus
1194 3422 1286 3508 gestis

200 3544 228 3588 rc
252 3517 448 3613 magnisque
466 3528 587 3592 vestris
603 3527 735 3592 iudiciis
759 3529 996 3613 amplificatam
1021 3535 1184 3612 quantum
1207 3523 1284 3610 apud

252 3632 328 3695 illos
354 3653 460 3718 reges
478 3641 643 3716 quantum
670 3633 760 3716 apud
782 3641 913 3698 exteras
941 3633 1094 3698 nationes
1119 3631 1284 3694 valituram

254 3757 325 3800 esse
342 3736 566 3802 existumetis.

202 3842 241 3907 47
297 3841 482 3925 Reliquum
505 3848 566 3917 est,
585 3849 624 3906 ut
639 3839 680 3905 de
706 3840 878 3919 felicitate,
895 3862 998 3932 quam
1022 3849 1188 3934 praestare
1205 3839 1282 3904 dese
