2800 4367
437 324 519 377 car.
542 325 599 388 rs,
622 327 637 390 ς
659 325 748 380 rr-aa
1093 311 1156 378 253

72 517 163 572 uum,
188 493 419 582 Pompeium,
445 497 691 582 nosmetipsos
718 515 796 562 eum
821 497 860 562 Ρ.
886 496 1006 563 Clodio
1029 519 1104 564 oon-

67 619 122 662 erre
148 597 363 664 audeamus.
411 599 613 666 Tolerabilia
643 599 785 666 fuerunt
815 601 895 678 illa;
934 601 972 666 Ρ.
1004 601 1103 668 Clodi

54 678 170 768 'nortem
184 726 312 791 aequo
328 705 443 770 animo
459 704 545 770 ferre
566 726 665 770 nemo
687 711 820 790 potest3
843 705 941 793 luget
955 716 1102 784 senatus,

65 817 157 873 naret
182 817 361 896 equester
385 809 477 887 ordo,
505 817 575 874 tota
600 809 721 875 civitas
747 809 902 876 coniecta
923 812 1018 876 senio
1042 819 1103 888 est,
1140 829 1156 873 o

50 914 190 995 *rqcaleut
214 914 426 999 municipia,
450 912 654 979 afflictantur
680 913 841 991 coloniae,
858 915 929 1002 agri
955 914 1101 1000 denique

49 1017 102 1099 *ipsi
125 1025 196 1080 tam
229 1017 443 1093 beneficum,
470 1025 538 1081 tarn
568 1018 760 1095 salutarem,
791 1025 860 1084 tam
891 1027 1102 1084 mansuetum

63 1123 136 1183 erem
152 1121 378 1187 desiderant
424 1120 500 1185 Non
520 1120 589 1186 fuit
603 1143 642 1186 ea
658 1143 769 1198 causa,
787 1121 924 1198 iudices,
941 1123 1101 1208 profecta
1118 1127 1154 1188 21

63 1247 104 1286 an
131 1224 215 1303 fuit,
254 1247 324 1290 cur
360 1223 424 1290 sibi
462 1233 614 1291 censeret
651 1225 832 1312 Pompeius
870 1229 1100 1312 quaestionem

62 1328 221 1407 ferendam,
259 1329 326 1394 sed
363 1329 461 1392 homo
499 1330 632 1414 sapiens
670 1336 773 1415 atque
811 1331 880 1395 alta
917 1338 952 1396 et
989 1330 1104 1397 divina
1126 1347 1156 1393 10

63 1433 179 1515 ¹padam
194 1441 325 1499 mente
348 1432 521 1518 praeditus
544 1434 652 1498 multa
675 1433 780 1500 vidit:
805 1434 908 1499 fuisse
925 1436 1021 1500 illum
1038 1437 1101 1500 sibi

61 1539 225 1617 inimicum,
255 1538 458 1604 familiarem
483 1539 666 1614 Milonem3
700 1539 736 1602 in
759 1541 929 1604 communi
953 1541 1102 1604 omnium

61 1641 160 1707 laetitia
193 1645 228 1708 si
265 1645 372 1708 etiam
400 1644 471 1728 ipse
504 1642 677 1730 gauderet,
709 1645 833 1720 timuit,
858 1665 900 1709 ue
931 1643 1103 1710 videretur

49 1746 199 1833 ¹infirmior
216 1747 309 1813 fides
334 1748 567 1812 reconciliatae
594 1749 733 1834 gratiae.
780 1747 892 1812 Multa
915 1749 1015 1813 etiam
1038 1749 1103 1812 alia

49 1849 131 1926 ludit,
146 1853 214 1917 sed
232 1850 327 1915 illud
343 1852 497 1926 maxime,
515 1853 671 1935 quamvis
694 1853 852 1916 atrociter
871 1852 941 1936 ipse
959 1853 1102 1929 tulisset,
1126 1868 1154 1914 1⁶

48 1948 99 2023 ira
125 1964 248 2040 tamen
287 1954 425 2020 fortiter
461 1954 679 2020 iudicaturos.
741 1955 861 2041 ltaque
901 1956 1028 2042 delegit
1061 1979 1102 2022 ex

49 2026 292 2147 ,llorentissimis
318 2058 489 2124 ordinibus
514 2061 587 2146 ipsa
608 2061 747 2138 lumina,
765 2083 874 2146 neque
898 2082 987 2138 ver0,
1007 2060 1099 2146 quod

61 2167 221 2230 nonnulli
248 2163 421 2240 dictitant,
437 2167 584 2231 secrevit
600 2166 636 2228 in
659 2165 826 2230 iudicibus
849 2165 1000 2252 legendis
1023 2167 1102 2230 ami-

62 2288 96 2330 eos
118 2292 227 2336 meos.
277 2268 400 2353 Neque
428 2270 517 2334 enim
542 2269 604 2335 hoe
630 2271 795 2358 cogitavit
819 2271 870 2336 vir
896 2271 1099 2335 iustissimus

61 2391 143 2457 reque
175 2377 218 2437 in
251 2373 351 2437 bonis
384 2373 464 2438 viris
497 2374 649 2460 legendis
680 2374 716 2438 id
754 2376 888 2459 assequi
926 2376 1101 2460 potuisset,
1124 2389 1154 2435 ao

61 2477 163 2543 etiamsi
199 2477 365 2561 cupisset.
422 2476 456 2540 N
457 2499 500 2542 on
531 2480 621 2544 enim
652 2501 726 2544 mea
757 2480 866 2565 gratia
897 2478 1100 2544 familiarita-

59 2579 123 2646 n'hus
136 2583 354 2658 continetur,
369 2602 454 2666 quae
467 2582 534 2647 late
551 2591 663 2668 patere
676 2604 744 2648 non
760 2591 911 2668 possunt,
925 2590 1099 2668 propterea

60 2684 126 2762 quod
143 2681 420 2749 consuetudines
436 2683 548 2747 victus
564 2705 632 2747 uon
658 2689 803 2769 possunt
818 2703 890 2748 esse
918 2705 994 2748 cum
1017 2685 1100 2748 mul-

58 2784 99 2860 tis,
119 2787 196 2864 sed,
216 2787 246 2850 si
272 2785 356 2870 quid
379 2793 569 2871 possumus,
593 2808 636 2852 ex
662 2808 701 2852 eo
726 2809 914 2873 possumus,
932 2788 1024 2873 quod
1046 2810 1097 2854 res

59 2890 172 2969 publica
190 2912 258 2954 nos
282 2890 460 2955 coniunxit
483 2912 562 2955 oum
584 2890 689 2956 bonis.
736 2893 788 2956 Ex
809 2893 934 2977 quibus
949 2893 1006 2958 ille
1022 2914 1098 2958 cum
1121 2909 1151 2955 ao

60 2997 185 3076 optimos
216 2995 308 3059 viros
338 2995 466 3080 legeret
495 2994 597 3080 idque
628 2996 773 3060 maxime
803 2996 846 3060 ad
876 2996 976 3063 fidem
1002 3019 1096 3062 suam

58 3103 212 3178 [ertinere
236 3097 464 3176 arbitraretur,
481 3120 549 3163 uon
572 3100 686 3184 potuit
706 3100 817 3186 legere
840 3120 908 3165 uon
930 3100 1097 3166 studiosos

59 3206 110 3267 uei.
158 3202 270 3284 Quod
293 3224 373 3267 vero
396 3209 440 3280 te,
465 3203 503 3267 L.
529 3204 668 3281 Domiti,
690 3204 768 3269 huic
793 3207 983 3289 quaestioni
1006 3229 1097 3292 prae·
1110 3211 1150 3274 22

58 3327 106 3374 esse
121 3309 276 3372 maxime
293 3308 412 3385 voluit,
428 3307 514 3371 nihil
534 3309 704 3393 quaesivit
724 3306 818 3374 aliud
841 3310 907 3375 nisi
922 3311 1096 3388 iustitiam,

59 3416 256 3494 gravitatem,
272 3412 528 3497 humanitatem,
544 3412 655 3478 fidem.
703 3413 810 3491 Tulit,
827 3421 867 3479 ut
889 3416 1097 3481 consularem
1121 3430 1150 3475 ao

59 3535 177 3584 necesse
195 3524 294 3593 esset,
310 3515 420 3592 cred0,
437 3516 531 3600 quod
553 3518 743 3602 principum
766 3541 889 3584 munus
913 3541 984 3585 esse
1000 3519 1098 3584 duoe-

60 3617 97 3687 bat
120 3621 282 3688 resistere
312 3627 348 3686 et
384 3621 517 3685 levitati
556 3622 786 3688 multitudinis
817 3631 853 3690 et
889 3623 1096 3710 perditorum

47 3725 239 3807 temeritati.
298 3724 353 3788 Ex
384 3725 615 3790 consularibus
646 3733 679 3792 te
711 3730 838 3793 creavit
871 3729 1104 3813 potissimum3

49 3827 183 3897 ¹dederas
215 3830 315 3906 enim,
341 3849 442 3914 quam
474 3837 704 3896 contemneres
734 3833 910 3916 populares
940 3833 1095 3911 insanias,

62 3933 111 4000 iam
131 3934 177 4001 ab
199 3932 429 4002 adulescentia
452 3933 653 4001 documenta
677 3936 833 4004 maxima.
1029 3951 1035 3960 ·
1119 3954 1149 4004 aa
