2800 4367
186 340 207 403 4
465 341 605 399 oanrro
628 350 668 399 ru
691 348 904 399 carnarum
927 348 1054 398 annm.

237 522 406 609 ingerunt.
456 520 546 585 Num
579 520 718 583 infitiari
751 526 847 603 potes
870 526 904 583 te
929 520 986 582 illo
1021 521 1093 603 ipso
1128 519 1182 584 die
1206 521 1291 585 meis

186 644 214 689 20
236 625 422 711 praesidiis,
449 646 520 689 mea
543 624 723 709 diligentia
746 624 1007 688 circumclusum
1028 645 1238 690 commovere
1256 632 1290 689 te

237 738 354 795 contra
375 751 443 794 rem
469 727 637 811 publicam
664 749 731 790 non
766 727 927 811 potuisse,
953 750 1029 793 cunr
1064 734 1103 791 tu
1138 728 1289 793 discessu

237 844 424 899 ceterorum
449 838 564 895 nostra
588 840 712 908 tamen,
736 833 795 917 qni
819 832 1103 909 remansissemus,
1129 831 1229 897 caede
1254 840 1288 897 te

199 942 431 1004 Scontenturn
467 958 537 1001 esse
568 935 729 1000 dicebas?
776 934 894 1014 Quid?
928 957 1002 999 cnm
1037 944 1072 1001 te
1106 936 1289 1001 Praeneste

238 1041 399 1106 Kalendis
438 1042 518 1124 ipsis
548 1039 816 1105 Novembribus.
836 1050 1079 1123 occupaturum
1119 1047 1288 1104 nocturno

184 1162 213 1207 25
236 1148 365 1231 impetn
389 1167 459 1210 esse
485 1144 680 1221 confideres,
705 1126 884 1223 sensistine
909 1145 998 1207 illam
1025 1144 1190 1208 coloniam
1213 1167 1289 1209 rneo

236 1253 328 1315 iussu
354 1252 435 1314 meis
459 1248 643 1333 praesidiis
662 1246 836 1323 custodiis,
854 1248 980 1333 vigiliis
1005 1270 1076 1311 esse
1096 1249 1290 1311 munitam?

236 1354 328 1417 Nihil
353 1356 433 1438 agis,
458 1352 541 1415 nihil
568 1353 705 1428 moliris,
731 1352 815 1414 nihil
851 1353 990 1435 cogitas,
1016 1351 1108 1435 qnod
1132 1374 1199 1414 non
1224 1374 1289 1437 ego

235 1480 302 1521 non
321 1456 418 1521 niodo
440 1456 582 1532 audiam,
600 1454 777 1521 sedetiam
794 1456 928 1520 videam
945 1456 1113 1540 planeque
1130 1458 1285 1520 sentiam.

236 1580 282 1627 lv.
310 1563 522 1646 Recognosce
547 1559 682 1625 tandem
717 1582 848 1624 mecum
884 1568 1018 1624 noctem
1044 1561 1135 1623 illam
1160 1563 1288 1644 superi-

235 1688 346 1741 orem3
370 1667 434 1728 ianr
459 1666 635 1749 intelleges
659 1664 767 1727 inulto
784 1687 836 1728 me
853 1665 993 1749 vigilare
1017 1665 1127 1727 acrius
1143 1664 1186 1727 ad
1201 1665 1288 1727 saln-

234 1776 302 1833 tem
320 1792 419 1853 quarn
438 1777 470 1833 te
484 1768 526 1831 ad
543 1768 725 1851 perniciem
743 1769 791 1832 rei
809 1768 973 1851 publicae.
1022 1766 1106 1831 Dico
1125 1774 1157 1831 te
1175 1768 1286 1851 priore

235 1881 332 1938 nocte
361 1875 502 1948 venisse,
528 1874 616 1937 inter
648 1871 803 1935 falcarios
829 1874 1036 1957 (nonageni
1062 1872 1223 1955 obscure)
1248 1874 1283 1936 in

196 1994 211 2037 5
235 1978 282 2040 M.
300 1977 425 2041 Laecae
449 1977 607 2051 dornurn3
631 1977 828 2040 convenisse
854 1975 971 2040 eodem
992 1977 1182 2059 complures
1199 1978 1286 2041 eius-

233 2081 309 2146 dem
327 2083 491 2145 amentiae
508 2081 711 2164 scelerisque
731 2081 851 2143 sccios.
899 2079 987 2142 Num
1009 2102 1130 2164 negare
1156 2080 1285 2145 audes?

234 2185 318 2270 quid
347 2186 461 2249 taces?
507 2184 726 2259 Convincam,
751 2185 778 2247 si
804 2205 917 2268 negas.
965 2183 1075 2248 Video
1100 2186 1188 2247 enim
1212 2206 1285 2249 esse.

197 2291 286 2357 llhic
310 2292 345 2353 in
369 2297 488 2353 senatu
525 2289 698 2372 quosdam,
723 2289 783 2373 qui
818 2295 929 2352 tecum
966 2310 1033 2351 una
1057 2287 1205 2351 fuerunt.
1252 2288 1283 2352 Ο

230 2395 268 2457 di
292 2392 507 2457 inmortales!
535 2392 669 2455 ubinam
693 2394 848 2477 gentium
872 2393 1016 2457 sumus?
1049 2394 1081 2455 in
1108 2414 1175 2477 qua
1202 2393 1282 2458 urbe

183 2513 211 2558 10
233 2498 403 2563 vivimus?
427 2519 528 2581 quarn
546 2496 796 2580 rempublicam
815 2496 1003 2561 habemus?
1042 2496 1119 2572 Hic,
1133 2498 1186 2561 lric
1202 2505 1283 2560 sunt

233 2602 267 2665 in
284 2608 398 2665 nostro
416 2623 564 2676 numero,
582 2609 693 2684 patres
711 2601 903 2684 conscripti,
923 2602 956 2663 in
982 2600 1044 2664 hoc
1065 2600 1154 2663 orbis
1172 2606 1281 2665 terrae

231 2707 440 2770 sanctissimo
463 2706 729 2790 gravissimoque
755 2706 904 2780 consilia,
923 2706 982 2789 qui
1006 2704 1047 2769 de
1073 2713 1188 2768 nostro
1213 2727 1280 2767 om-

232 2810 326 2873 nium
342 2810 491 2883 interitu,
509 2810 568 2893 qui
584 2808 625 2872 de
650 2808 752 2899 huius
776 2808 866 2872 urbis
894 2816 995 2893 atque
1021 2808 1103 2873 adeo
1128 2808 1169 2873 de
1194 2809 1281 2873 orbis

231 2922 395 2979 terrarum
412 2913 515 2977 exitio
532 2910 699 2997 cogitent!
749 2912 820 2976 Hos
838 2934 900 2998 ego
924 2913 1022 2977 video
1046 2914 1163 2977 consul
1187 2913 1281 2978 etde

143 3062 146 3069 ⁴
180 3034 208 3079 15
231 3040 265 3083 re
296 3018 431 3101 publica
460 3016 661 3081 sententiam
692 3038 774 3103 rogo
805 3024 849 3092 et,
882 3039 966 3102 quos
1002 3016 1090 3082 ferro
1121 3016 1281 3081 trucidari

230 3122 413 3207 oportebat,
441 3142 496 3185 eos
528 3119 678 3183 nondum
708 3143 790 3185 voce
806 3107 977 3185 ¹volnerol
1036 3120 1145 3183 Fuisti
1177 3122 1281 3206 igitur

230 3226 319 3311 apud
351 3225 492 3290 Laecam
522 3224 581 3287 illa
611 3236 719 3300 nocte,
748 3223 904 3299 Catilina,
936 3222 1139 3288 distribuisti
1169 3232 1279 3308 partes

232 3330 360 3406 Italiae,
387 3330 546 3404 statuisti,
577 3350 645 3413 quo
672 3350 841 3413 quemque
867 3327 1031 3412 proficisci
1054 3327 1210 3409 placeret,
1227 3327 1281 3391 de-

229 3435 354 3521 legisti,
371 3455 455 3518 quos
480 3434 604 3497 Romae
629 3432 845 3516 relinqueres,
863 3453 948 3516 quos
975 3438 1087 3495 tecum
1111 3430 1277 3503 educeres

178 3555 208 3601 20
229 3538 429 3623 discripsisti
460 3536 550 3601 urbis
591 3543 702 3621 partes
740 3535 783 3599 ad
813 3534 977 3610 incendia,
1008 3533 1212 3597 confirmasti
1245 3539 1278 3595 te

229 3646 337 3728 ipsum
369 3643 449 3717 iam,
465 3663 536 3705 esse
571 3642 752 3714 exiturum,
786 3638 903 3701 dixisti
937 3638 1076 3723 paulum
1114 3636 1177 3700 tibi
1206 3656 1278 3699 esse

229 3748 329 3813 etiam
356 3768 446 3810 nunc
473 3766 593 3820 morae,
621 3742 712 3829 quod
740 3764 802 3828 ego
831 3744 988 3807 viverem.
1036 3742 1173 3827 Reperti
1198 3747 1280 3805 sunt

230 3850 297 3915 duo
329 3851 460 3942 equites
490 3849 640 3925 Romani,
671 3848 730 3931 qui
762 3854 795 3911 te
827 3848 891 3912 ista
918 3869 998 3943 cura
1035 3847 1214 3913 liberarent
1243 3852 1279 3911 et
