2800 4367
159 322 201 389 94
406 334 448 386 1u
470 334 684 385 curramus
707 335 848 386 onsrro
871 334 1033 395 ouanrs.

159 523 188 570 aa
209 514 291 571 tuna
307 507 418 572 miseri
434 514 495 571 aut
511 507 687 572 voluntate
705 506 837 593 perditi,
854 509 914 592 qui
931 530 998 572 non
1022 510 1119 571 illum
1141 510 1252 593 ipsum

208 611 307 676 sellae
320 618 422 696 atque
439 612 547 695 operis
564 618 599 675 et
614 618 775 695 quaestus
791 612 951 677 cotidiani
966 614 1088 688 locum,
1104 614 1164 697 qui
1185 634 1253 677 non

208 715 317 781 cubile
332 736 370 779 ac
386 714 549 781 lectulum
565 736 675 790 suum,
689 717 748 800 qui
766 715 911 800 denique
928 736 994 779 non
1012 738 1146 780 cursum
1163 716 1252 780 hune
1289 727 1292 732 '

208 822 351 885 otiosum
382 820 471 883 vitae
502 840 582 884 suae
614 820 745 883 salvum
771 841 841 883 esse
866 820 983 884 velint.
1031 820 1142 883 Multo
1174 843 1252 886 vero

208 924 351 989 maxima
372 944 447 1008 pars
471 944 597 999 eorum,
615 925 675 1007 qui
698 924 735 985 in
762 923 908 988 tabernis
932 932 1021 999 sunt,
1048 926 1149 988 immo
1173 946 1252 990 vero

155 1043 184 1087 as
209 1026 263 1111 (id
283 1027 373 1090 enim
395 1026 508 1110 potius
532 1033 585 1090 est
608 1024 808 1107 dicendum)
836 1047 944 1111 genus
968 1027 1029 1090 hoc
1057 1027 1250 1092 universum

206 1131 473 1195 amantissimum
500 1139 552 1196 est
580 1131 650 1195 otii.
698 1130 833 1194 Etenim
857 1150 953 1195 omne
978 1132 1250 1207 instrumentum,

207 1236 314 1299 omnis
330 1256 429 1320 opera
445 1244 547 1320 atque
568 1242 730 1321 quaestus
757 1234 951 1320 frequentia
976 1236 1100 1300 civium
1124 1243 1253 1301 susten·

207 1348 307 1416 tatur,
324 1340 427 1404 alitur
443 1340 531 1427 otio,
555 1362 700 1424 quorum
717 1341 745 1404 si
762 1348 922 1423 quaestus
940 1340 1082 1405 occlusis
1105 1340 1251 1405 tabernis

207 1445 313 1507 minui
329 1444 424 1520 solet,
442 1444 526 1528 quid
542 1444 678 1509 tandem
695 1445 839 1509 incensis
857 1444 1009 1508 futurum
1030 1444 1120 1507 fuit?
1234 1440 1237 1447 ’

156 1552 193 1614 18
249 1566 299 1611 lx.
325 1547 419 1627 Quae
437 1570 514 1612 cnm
530 1550 577 1612 ita
593 1550 671 1623 sint,
688 1555 798 1633 patres
816 1550 1007 1634 conscripti,
1027 1548 1120 1614 vobis
1136 1550 1251 1633 populi

207 1648 349 1717 Romani
373 1653 539 1737 praesidia
562 1673 628 1715 non
653 1652 794 1728 desunt3
819 1674 936 1717 vosne
960 1653 1085 1739 populo
1103 1654 1250 1717 Romano

207 1756 322 1822 deesse
353 1756 545 1831 videamini,
578 1757 761 1840 providete.
825 1756 965 1821 Habetis
1004 1757 1176 1821 consulem
1210 1780 1249 1821 ex

206 1862 359 1946 plurimis
392 1860 548 1944 periculis
579 1867 615 1925 et
644 1860 774 1924 insidiis
807 1869 907 1945 atque
941 1883 982 1925 ex
1014 1859 1122 1924 media
1146 1868 1249 1931 morte

168 1981 272 2029 enon
303 1963 346 2028 ad
376 1966 480 2028 vitam
512 1985 616 2037 suam,
648 1964 706 2029 sed
739 1963 782 2027 ad
812 1966 954 2030 salutem
979 1972 1120 2030 vestram
1153 1986 1251 2031 reser-

205 2076 330 2134 vatum.
378 2068 504 2132 Omnes
520 2067 652 2132 ordines
669 2067 712 2131 ad
727 2069 987 2134 conservandam
999 2092 1068 2134 rem
1084 2069 1248 2153 publicam

206 2180 327 2249 mente,
367 2173 551 2246 voluntate,
590 2172 713 2248 studia,
745 2174 882 2249 virtute,
915 2195 995 2238 voce
1027 2176 1249 2238 consentiunt.

208 2276 353 2341 Obsessa
384 2276 514 2340 facibus
545 2283 581 2339 et
618 2275 694 2340 telis
726 2278 846 2361 impiae
887 2278 1125 2342 coniurationis
1158 2278 1249 2343 vobis

207 2381 350 2465 supplex
368 2400 485 2442 manus
508 2378 618 2443 tendit
640 2379 748 2463 patria
772 2364 967 2457 communis}
984 2380 1077 2445 vobis
1094 2402 1140 2457 se,
1158 2381 1249 2446 vobis

155 2502 184 2547 10
206 2487 309 2549 vitam
345 2485 494 2547 omnium
528 2484 663 2560 civium,
696 2483 789 2549 vobis
824 2506 933 2549 arcem
966 2494 1001 2550 et
1036 2484 1250 2571 Capitolium,

207 2589 301 2653 vobis
328 2608 399 2651 aras
427 2586 617 2662 Penatium,
642 2588 737 2653 vobis
766 2588 863 2651 illum
889 2590 1000 2675 ignem
1024 2590 1149 2655 Vestae
1173 2612 1250 2655 sem-

208 2694 386 2777 piternum,
404 2690 496 2755 vobis
513 2692 661 2755 omnium
678 2692 817 2757 deorum
839 2694 963 2777 templa
986 2701 1087 2778 atque
1104 2693 1250 2769 delubra,

207 2796 302 2861 vobis
325 2816 437 2859 muros
461 2803 562 2879 atque
586 2796 678 2861 urbis
703 2805 792 2861 tecta
811 2797 1029 2862 commendat.
1077 2797 1252 2863 Praeterea

208 2899 249 2965 de
266 2907 379 2965 vestra
395 2900 474 2974 vita,
491 2898 532 2963 de
549 2902 732 2986 coniugum
750 2908 934 2965 vestrarum
953 2908 1055 2986 atque
1072 2901 1251 2966 liberorum

156 3020 184 3066 15
206 3005 326 3078 anima,
343 3002 384 3067 de
401 3002 545 3068 fortunis
569 3006 728 3080 omnium,
745 3003 787 3068 de
804 3004 948 3081 sedibus,
966 3005 1007 3070 de
1032 3004 1115 3069 focis
1131 3006 1251 3071 vestris
1319 2986 1326 2997 ’

157 3111 194 3174 19
207 3107 367 3171 hodierno
398 3106 451 3171 die
481 3106 576 3173 vobis
606 3107 821 3172 iudicandum
855 3116 916 3173 est.
963 3108 1104 3174 Habetis
1132 3108 1251 3175 ducem

208 3232 385 3277 memorem
402 3213 514 3288 vestri,
532 3212 675 3277 oblitum
690 3214 753 3289 sui,
772 3235 856 3297 quae
873 3235 940 3278 non
963 3235 1094 3298 semper
1110 3213 1251 3279 facultas

208 3316 317 3391 datur,
334 3314 461 3380 habetis
477 3318 584 3397 omnis
600 3317 744 3392 ordines,
761 3318 868 3381 omnis
884 3318 1044 3394 homines,
1058 3318 1251 3383 universum

207 3420 367 3505 populum
394 3420 590 3496 Romanum,
614 3419 650 3483 id
672 3420 764 3504 quod
791 3423 825 3485 in
851 3423 943 3486 civili
968 3443 1069 3487 causa
1092 3421 1252 3487 hodierno

156 3523 261 3587 audie
291 3523 435 3607 primum
467 3524 630 3600 videmus,
659 3546 763 3587 unum
796 3532 898 3609 atque
924 3524 1012 3589 idem
1040 3526 1250 3591 sentientem.

127 3689 132 3698 ,
209 3616 375 3713 Cogitate,
392 3629 528 3712 quantis
544 3627 711 3691 laboribus
726 3627 903 3693 fundatum
921 3630 1109 3714 imperium,
1126 3638 1252 3713 quanta

209 3731 336 3796 virtute
358 3731 538 3795 stabilitam
564 3731 764 3806 libertatem,
790 3739 917 3815 quanta
941 3732 1079 3796 deorum
1103 3732 1252 3819 benigni·

210 3840 280 3900 tate
310 3841 426 3899 auctas
457 3841 742 3919 exaggeratasque
774 3834 926 3899 fortunas
957 3856 1025 3899 uua
1049 3857 1116 3899 nox
1146 3856 1251 3920 paene
