2800 4367
216 327 280 392 130
360 305 364 310 ’
553 337 628 388 rao
650 337 680 387 r.
706 336 828 388 sumn
851 335 1000 386 oasrro.

267 510 420 596 pecuniis
445 506 640 594 repetundis
665 507 831 572 Catilinae
855 506 924 571 fuit
949 506 1142 584 advocatus,
1163 509 1300 594 improbo

267 614 404 688 homini,
420 621 455 678 at
470 612 626 696 supplici,
642 611 783 676 fortasse
800 611 929 689 audaci,
946 621 981 677 at
995 611 1172 697 aliquando
1196 615 1300 678 amico.

215 737 245 783 20
268 719 332 784 Cui
349 739 427 783 cum
441 716 554 780 adfuit
572 725 649 800 post
664 716 809 782 delatam
825 715 867 780 ad
884 738 962 781 eum
977 719 1118 801 primam
1133 719 1223 781 illam
1238 741 1303 782 0011-

267 824 475 897 iurationem,
493 820 657 885 indicavit
671 843 706 886 se
724 819 857 885 audisse
880 820 1019 905 aliquid,
1033 843 1100 886 non
1124 821 1303 887 credidisse.

269 929 341 990 ‘At
369 925 459 990 idem
483 945 555 988 non
584 923 697 988 adfuit
724 925 791 988 alio
818 925 853 987 in
883 924 1017 1000 iudicio,
1048 946 1125 990 cum
1161 925 1305 990 adessent

266 1029 389 1096 ceteri!
435 1028 471 1093 Si
487 1036 604 1114 postea
619 1035 781 1114 cognorat
797 1028 868 1112 ipse
883 1028 1022 1113 aliquid,
1039 1028 1132 1114 quod
1149 1031 1183 1092 in
1200 1051 1306 1093 eonsu-

265 1135 338 1198 latu
365 1135 560 1218 ignorasset,
583 1131 825 1217 ignoscendum
853 1140 905 1197 est
931 1134 982 1210 iis,
1006 1135 1065 1217 qui
1088 1140 1204 1218 postea
1231 1134 1306 1196 nihil

213 1253 243 1298 rs
265 1236 466 1305 audierunt;
489 1238 541 1298 sin
568 1236 624 1298 illa
654 1257 707 1299 res
737 1237 844 1320 prima
874 1236 1099 1310 valuit,1rum
1129 1239 1308 1303 inveterata

265 1363 366 1425 quam
382 1361 497 1405 recens
513 1340 631 1405 debuit
647 1361 717 1404 esse
742 1340 900 1424 gravior?
948 1339 1014 1404 Sed
1037 1343 1065 1406 si
1090 1349 1170 1406 tuus
1198 1363 1307 1427 parens

265 1447 366 1510 etiam
382 1447 417 1508 in
433 1446 504 1528 ipsa
519 1446 709 1528 suspicione
737 1444 878 1528 periculi
902 1446 954 1509 sui
971 1453 1082 1510 tumen
1107 1447 1308 1509 humanitate

265 1549 432 1614 adductus
475 1548 730 1614 advocationem
775 1549 919 1614 hominis
958 1551 1194 1634 improbissimi
1235 1551 1309 1614 sella
1365 1539 1366 1572 ³

265 1654 373 1718 curuli
391 1662 493 1737 atque
515 1655 718 1718 ornamentis
741 1662 776 1719 et
797 1654 867 1718 suis
890 1662 925 1718 et
946 1655 1142 1719 consulatus
1166 1654 1311 1720 honesta·
1365 1721 1366 1726 γ

213 1774 243 1818 00
265 1759 324 1832 vit,
350 1755 432 1840 quid
458 1765 519 1832 est,
544 1778 645 1841 quam
673 1757 716 1820 ob
746 1779 815 1822 rem
846 1758 1048 1833 consulares,
1066 1759 1125 1842 qui
1150 1758 1309 1823 Catilinae
1365 1805 1366 1850 3

213 1859 458 1937 82adiuerunt,
488 1859 799 1944 reprehendantur?
846 1861 917 1925 ‘At
947 1862 1035 1926 idem
1066 1864 1118 1940 iis,
1147 1865 1208 1947 qui
1240 1870 1310 1926 ante

264 1965 354 2029 hunc
370 1985 502 2029 causam
519 1964 560 2029 de
575 1967 805 2030 coniuratione
831 1967 1001 2043 dixerunt,
1019 1989 1085 2030 non
1108 1965 1310 2033 adfuerunt’

266 2069 376 2133 Tanto
398 2069 521 2134 scelere
544 2071 689 2134 astrictis
712 2070 901 2134 horninibus
926 2079 1122 2136 statuerunt
1144 2073 1232 2137 nihil
1248 2095 1267 2136 a
1281 2093 1311 2136 se
1364 2153 1365 2158 ἵ

264 2173 458 2250 adiumenti,
469 2174 553 2236 nihil
570 2175 652 2258 opis,
665 2175 748 2243 nihil
765 2176 888 2253 auxilii,
900 2175 978 2240 ferri
995 2185 1156 2260 oportere.
1197 2179 1310 2262 Atque
1364 2161 1365 2202 ³

212 2293 241 2338 ³5
264 2287 304 2342 ut
325 2276 366 2342 de
388 2299 503 2345 eorum
525 2281 713 2342 constantia
735 2287 836 2364 atque
860 2282 971 2344 animo
995 2282 1029 2343 in
1054 2302 1123 2346 rem
1145 2282 1311 2366 publicam

263 2381 382 2457 dicam,
399 2403 541 2466 qnorum
564 2383 665 2446 tacita
687 2385 835 2468 gravitas
859 2391 894 2448 et
916 2384 999 2449 fides
1021 2384 1062 2450 de
1087 2406 1155 2450 uno
1179 2408 1310 2471 quoque

264 2486 415 2571 loquitur
448 2508 557 2572 neque
592 2488 790 2571 cuiusquam
818 2497 1011 2553 ornamenta
1042 2491 1203 2556 orationis
1234 2490 1312 2555 desi·
1363 2521 1364 2526 1

263 2590 367 2667 derat,
378 2591 676 2675 potestquisquam
686 2590 794 2656 dicere
806 2614 965 2676 umquam
974 2593 1136 2668 meliores,
1148 2595 1311 2668 fortiores

263 2696 506 2760 constantiores
522 2695 714 2759 consulares
730 2695 833 2760 inisse
858 2718 959 2780 quam
982 2697 1033 2760 his
1057 2699 1265 2782 temporibus
1281 2707 1311 2761 et

211 2816 241 2861 40
263 2799 431 2884 periculis,
448 2797 570 2881 quibus
586 2818 691 2881 paene
709 2821 865 2884 oppressa
881 2809 933 2864 est
949 2822 999 2865 res
1023 2800 1182 2885 publica?
1230 2803 1311 2882 Quis

263 2925 331 2967 non
347 2902 389 2967 de
399 2903 565 2966 communi
583 2903 691 2967 salute
708 2905 843 2987 optime,
856 2905 931 2988 quis
950 2927 1016 2968 non
1032 2905 1225 2983 fortissime,
1238 2908 1309 2992 quis
1362 2927 1363 2936 ¹

263 3033 330 3074 non
360 3009 628 3073 constantissime
657 3011 789 3073 sensit?
834 3011 952 3094 Neque
983 3033 1045 3097 ego
1069 3014 1249 3098 praecipue
1273 3012 1310 3075 de
1362 3013 1363 3030 ¹

264 3113 494 3179 consularibus
510 3113 665 3198 disput03
689 3137 764 3178 nam
788 3115 867 3180 haec
892 3124 926 3180 et
949 3116 1121 3180 hominum
1145 3117 1310 3182 ornatissi-

263 3241 404 3295 morum,
422 3219 480 3302 qui
496 3226 664 3303 praetores
681 3219 831 3296 fuerunt,
848 3229 883 3284 et
899 3221 1046 3285 universi
1070 3229 1208 3287 senatus
1229 3243 1309 3286 com-

211 3341 240 3384 45
264 3325 375 3387 munis
401 3330 453 3387 est
479 3324 562 3400 laus,
587 3331 627 3388 ut
653 3332 784 3389 constet
810 3332 886 3408 post
915 3324 1087 3388 hominum
1119 3327 1308 3391 memoriam

262 3448 446 3511 numquam
473 3429 508 3490 in
536 3428 595 3492 illo
619 3428 733 3492 ordine
761 3428 838 3512 plus
862 3429 1009 3505 virtutis,
1026 3428 1102 3513 plus
1130 3432 1252 3495 amoris
1275 3431 1305 3491 in

263 3553 332 3596 rem
364 3530 542 3615 publicam,
566 3533 642 3616 plus
672 3533 849 3618 gravitatis
881 3531 1006 3608 fuisse3
1030 3532 1090 3597 sed
1121 3535 1201 3618 quia
1231 3540 1307 3598 sunt

263 3634 422 3719 descripti
453 3635 652 3711 consulares
684 3634 725 3699 de
756 3635 807 3699 his
840 3642 973 3700 tantum
1011 3637 1093 3699 mihi
1131 3637 1304 3702 dicendum
1360 3673 1361 3718 1

263 3741 390 3822 putavi,
407 3739 498 3824 quod
519 3740 601 3803 satis
625 3746 714 3804 esset
735 3738 777 3802 ad
803 3739 991 3804 testandam
1015 3742 1165 3804 omnium
1192 3761 1305 3806 memo
1360 3729 1361 3778 ἶ

210 3858 240 3910 no
262 3844 354 3923 riam,
371 3846 538 3913 neminem
555 3865 625 3908 esse
642 3866 683 3908 ex
701 3843 759 3906 illo
775 3844 910 3908 honoris
926 3844 1043 3930 gradu,
1061 3846 1119 3928 qui
1137 3867 1204 3909 non
1221 3843 1302 3909 omni
