2800 4367
236 334 301 399 228
582 343 651 392 rso
674 344 704 393 r.
729 341 856 393 srsrro
879 340 1028 392 enarro.

287 506 430 585 sednon
446 515 743 602 praestantissimis
760 513 880 598 opibus
895 520 931 579 et
945 513 1073 600 gratia3
1097 512 1225 579 tribum
1244 536 1350 579 suam

288 645 356 688 non
383 623 474 698 tulit,
500 621 689 707 Palatinam
718 618 875 702 denique,
903 639 1087 702 perquam
1114 640 1233 684 omnes
1265 619 1350 684 illae

289 735 399 814 pestes
426 747 547 791 vexare
575 745 643 788 rem
672 722 840 808 publicam
869 720 1076 799 dicebantur,
1102 721 1258 807 perdidit
1282 746 1349 788 nec

236 852 265 896 ao
287 833 468 919 quicquam
495 829 562 894 illis
589 828 743 904 comitiis,
774 825 866 911 quod
896 825 975 891 boni
1007 826 1069 891 viri
1101 827 1243 903 vellent,
1279 830 1351 892 nisi

289 937 455 1022 repulsam
471 933 561 999 tulit.
607 930 742 996 Videtis
766 931 871 1017 igitur
894 931 1058 1016 populum
1087 932 1209 1016 ipsum,
1229 940 1274 996 ut
1299 934 1350 996 ita

289 1042 409 1114 dicam,
436 1040 502 1102 iam
525 1058 593 1101 non
620 1057 692 1102 esse
725 1035 942 1120 popularem,
957 1036 1020 1120 qui
1041 1037 1089 1100 ita
1119 1037 1351 1102 vehementer

196 1196 200 1201 .
289 1167 356 1222 eoa,
373 1145 431 1229 qni
447 1143 625 1228 populares
639 1139 816 1215 habentur,
841 1146 988 1225 respuat,
1004 1162 1061 1205 eos
1083 1151 1206 1218 autem,
1226 1143 1292 1227 qui
1317 1143 1350 1206 ei

289 1249 404 1337 generi
420 1246 648 1322 adversantur,
665 1244 789 1309 bonore
807 1240 1021 1330 dignissimos
1037 1245 1174 1310 iudicet.

219 1361 272 1422 115
331 1371 404 1417 LIV.
429 1350 614 1416 Veniamus
630 1349 673 1413 ad
688 1348 796 1414 ludos.
844 1348 942 1413 Facit
957 1351 1057 1426 enim,
1075 1349 1213 1426 iudices
1230 1359 1350 1415 vester

293 1465 356 1523 iste
372 1458 406 1519 in
432 1477 484 1520 me
509 1456 695 1519 animorum
726 1454 970 1539 oculorumque
993 1455 1176 1531 coniectus
1194 1462 1237 1519 ut
1263 1455 1347 1517 mibi

291 1564 355 1625 iam
379 1561 479 1625 licere
503 1566 620 1645 putem
645 1558 830 1622 remissiore
858 1559 908 1622 uti
936 1580 1058 1644 genere
1087 1558 1233 1624 dicendi.
1286 1559 1349 1621 Co

291 1666 460 1730 mitiorum
491 1673 526 1729 et
556 1664 752 1728 contionum
779 1664 1040 1749 significationes
1063 1670 1144 1728 sunt
1168 1663 1344 1728 interdum

252 1787 396 1846 averae,
423 1776 504 1834 sunt
530 1790 598 1832 non
626 1789 812 1852 numquam
841 1769 980 1833 vitiatae
1009 1776 1112 1852 atque
1143 1776 1345 1852 corruptae3

291 1875 471 1941 theatrales
501 1872 760 1960 gladiatoriique
794 1893 969 1937 consessus
1007 1871 1167 1936 dicuntur
1203 1872 1355 1936 omnino

291 1980 397 2045 solere
414 1978 551 2042 levitate
575 1998 642 2041 non
669 1977 840 2040 nullorum
865 1983 994 2060 emptos
1019 1975 1157 2060 plausus
1182 1977 1287 2040 exilis
1311 1981 1355 2058 etg

292 2107 381 2150 raros
398 2085 568 2158 excitare3
593 2104 631 2147 ac
655 2088 768 2146 tamen
793 2080 892 2145 facilc
917 2086 978 2156 est,
1004 2100 1081 2144 cum
1106 2079 1141 2142 id
1166 2079 1213 2155 fit,
1242 2100 1355 2164 quemi

292 2190 335 2255 ad
352 2189 487 2254 modum
505 2196 541 2254 et
555 2209 575 2251 a
590 2187 713 2272 quibus
741 2186 808 2262 fiat,
837 2193 871 2251 et
894 2184 978 2270 quid
1001 2185 1132 2271 integra
1155 2182 1342 2248 multitudo

241 2310 270 2356 10
290 2295 401 2370 faciat,
419 2292 542 2358 videre.
590 2290 682 2370 Quid
699 2312 763 2376 ego
779 2312 870 2355 nunc
887 2289 1006 2365 dicam,
1031 2288 1154 2374 quibus
1177 2289 1262 2353 viris
1286 2293 1342 2350 aut

292 2400 346 2464 cui
363 2400 476 2484 generi
498 2398 624 2462 civium
648 2397 792 2460 maxime
819 2393 1022 2480 plaudatur?
1070 2392 1248 2458 Neminem
1275 2411 1342 2456 ves-

294 2512 384 2569 trum
408 2502 507 2567 fallit.
554 2501 607 2565 Sit
629 2501 691 2565 hoc
708 2521 787 2565 sane
813 2499 898 2575 leve,
923 2497 1016 2583 quod
1032 2519 1099 2562 non
1115 2497 1162 2561 ita
1183 2505 1246 2574 est,
1264 2516 1340 2580 quo·

293 2611 382 2672 niam
398 2607 524 2692 optimo
540 2606 662 2690 cuique
678 2605 881 2690 impertitur,
899 2602 967 2677 sed,
991 2603 1017 2666 si
1043 2609 1095 2666 est
1110 2602 1196 2677 leve,
1213 2599 1340 2665 homini

293 2714 388 2800 gravi
403 2713 477 2776 leve
508 2718 569 2787 est,
602 2710 633 2774 ei
660 2731 750 2785 vern,
779 2709 839 2792 qui
866 2706 993 2791 pendet
1019 2705 1118 2770 rebus
1149 2705 1337 2776 levissimis

242 2835 270 2881 15
292 2819 350 2904 qni
367 2837 498 2880 rumore
515 2822 560 2890 et,
577 2821 618 2877 ut
639 2814 703 2898 ipsi
730 2814 899 2887 locuntur,
925 2809 1040 2875 favore
1065 2809 1183 2894 populi
1205 2815 1339 2874 tenetur

296 2930 331 2987 et
354 2921 499 2996 ducitur,
524 2919 682 3003 plausum
710 2917 1008 2990 immortalitatem,
1036 2914 1172 2979 sibilum
1199 2920 1335 2979 mortem

222 3025 277 3090 116
292 3025 399 3091 videri
426 3045 561 3088 necesse
585 3028 646 3087 est.
693 3021 747 3085 Ex
775 3028 808 3086 te
834 3021 950 3106 igitur,
974 3018 1109 3095 Scauro,
1130 3019 1335 3104 potissimum

295 3150 429 3216 quaero,
447 3129 506 3213 qui
522 3125 619 3191 ludos
636 3127 905 3210 apparatissimos
925 3124 1335 3212 magnificentissimosque

294 3234 417 3310 fecisti,
434 3233 550 3318 ecquis
566 3232 707 3295 istorum
723 3230 936 3314 popularium
954 3236 1030 3293 tuos
1046 3227 1144 3292 ludos
1162 3226 1332 3312 aspexerit,

242 3356 272 3403 au
294 3338 407 3424 ecquis
424 3359 459 3402 se
476 3337 607 3400 theatro
623 3335 816 3419 populoque
834 3335 984 3398 Romano
1006 3333 1219 3397 commiserit.
1263 3330 1333 3413 Ipse

291 3445 348 3508 ille
365 3443 509 3506 maxime
532 3439 657 3516 ludius,
684 3460 751 3502 non
777 3439 886 3502 solum
909 3434 1170 3522 spectatonsed
1193 3443 1282 3500 actor
1302 3437 1332 3494 et

295 3568 455 3622 acroama,
473 3545 533 3630 qui
556 3544 667 3608 omnia
689 3543 811 3607 sororis
837 3542 980 3606 embolia
1003 3542 1109 3617 novit,
1127 3541 1187 3626 qui
1214 3542 1248 3603 in
1270 3557 1333 3602 coe·

296 3661 369 3719 tum
393 3651 572 3715 mulierum
595 3669 655 3732 pro
679 3637 818 3732 psaltria
841 3645 1031 3721 adducitur,
1059 3667 1120 3710 nec
1144 3652 1222 3710 tuos
1243 3640 1329 3707 ludos

296 3758 428 3840 aspexit
451 3757 486 3817 in
509 3754 567 3816 illo
592 3750 723 3815 ardenti
747 3750 922 3814 tribunatu
953 3771 1017 3812 suo
1048 3770 1108 3813 nec
1140 3749 1228 3814 ullos
1257 3745 1329 3810 alios

244 3874 274 3918 as
295 3859 361 3921 nisi
388 3878 453 3931 eos,
477 3876 498 3918 a
519 3853 643 3940 quibus
667 3854 727 3937 xix
751 3853 849 3916 vivus
874 3851 1006 3938 effugit.
1054 3851 1174 3930 Semel,
1192 3855 1326 3938 inquam,
