2800 4367
182 331 245 402 282
442 345 515 399 rao
537 346 568 398 r.
594 345 715 398 inmo
739 346 883 400 maone
906 349 1054 402 oearro.

233 528 348 586 nostro
392 520 540 584 omnium
587 517 671 584 fletu
718 521 848 585 nullam
893 507 1064 587 lacrimam
1102 524 1289 609 aspexistis

167 687 169 690 Α
234 626 382 702 Milonis,
408 627 436 690 si
461 625 597 690 vultum
618 647 750 711 semper
775 625 929 705 eundem,
955 629 983 691 si
1007 649 1134 706 vocem,
1162 627 1191 694 si
1214 651 1292 694 ora-

233 732 360 795 tionem
382 729 536 794 stabilem
566 750 604 794 ac
635 751 702 793 non
731 737 894 795 mutatam
917 731 1051 810 videtis,
1076 731 1139 798 hoc
1170 735 1289 799 minus

233 836 264 899 ei
294 855 446 919 parcere3
470 831 561 898 haud
583 834 652 898 scio
676 855 719 898 an
743 834 851 899 multo
875 836 921 900 sit
943 837 1045 901 etiam
1069 837 1290 904 adiuvandus

182 955 211 1000 10
233 939 349 1025 magis.
395 938 542 1015 Etenim,
565 939 593 1002 si
617 939 652 1000 in
675 937 886 1024 gladiatoriis
910 941 1034 1027 pugnis
1060 949 1095 1008 et
1117 944 1152 1006 in
1174 931 1289 1006 infimi

233 1044 380 1129 generis
396 1043 570 1105 hominum
602 1040 797 1107 condicione
829 1051 930 1128 atque
972 1044 1108 1110 fortuna
1145 1045 1288 1110 timidos

234 1155 335 1232 atque
359 1146 528 1232 supplices
551 1153 595 1223 et,
620 1154 661 1210 ut
684 1147 797 1212 vivere
818 1146 927 1224 liceat,
953 1147 1157 1214 obsecrantis
1180 1151 1289 1214 etiam

235 1251 345 1315 odisse
382 1252 538 1327 solemus,
570 1249 667 1314 fortis
699 1257 800 1335 atque
833 1252 999 1317 animosos
1032 1259 1067 1318 et
1095 1275 1130 1319 se
1161 1255 1291 1318 acriter

158 1442 160 1445 Ι
236 1357 324 1440 ipsos
348 1356 446 1419 morti
470 1353 648 1419 offerentes
670 1375 801 1419 servare
827 1357 991 1440 cupimus,
1015 1379 1198 1443 eorumque
1221 1380 1287 1423 nos

182 1476 220 1536 15,
232 1460 336 1545 magis
367 1460 510 1535 miseret,
534 1460 594 1542 qui
617 1466 765 1522 nostram
799 1460 1056 1526 misericordiam
1084 1484 1151 1526 non
1175 1465 1288 1548 requi-

216 1565 330 1639 runt}
340 1584 441 1648 quam
465 1563 524 1647 qui
547 1563 641 1626 illam
665 1561 860 1650 efflagitant,
880 1573 1008 1650 quanto
1031 1567 1093 1632 hoc
1117 1569 1223 1654 magis
1247 1568 1287 1630 in

181 1671 220 1733 93
233 1666 421 1732 fortissimis
439 1666 569 1731 civibus
580 1665 689 1732 facere
707 1666 883 1734 debemus!
905 1671 961 1736 Me
979 1670 1126 1757 quidem,
1143 1670 1285 1749 iudices,

233 1773 427 1835 exanimant
442 1779 477 1836 et
501 1772 701 1836 interimunt
715 1772 777 1837 hae
796 1796 894 1840 voces
911 1775 1057 1852 Milonis,
1075 1797 1157 1862 quas
1181 1777 1285 1840 audio

232 1877 365 1942 assidue
388 1886 422 1943 et
438 1878 561 1963 quibus
586 1879 750 1942 intersum
776 1865 908 1944 cotidie.
956 1879 1141 1958 ‘Valeant’
1158 1881 1284 1965 inquit,

179 1998 209 2043 ao
234 1983 388 2046 ‘valeant
410 1983 501 2049 cives
524 1983 609 2060 mei;
633 1983 704 2046 sint
720 1983 914 2060 incolumes
932 1984 1001 2048 sint
1024 1981 1188 2061 fiorentes,
1213 1986 1286 2048 sint

232 2090 339 2172 beati3
370 2095 440 2155 stet
464 2089 543 2154 haec
568 2088 647 2154 urbs
680 2089 847 2174 praeclara
870 2088 1018 2173 mihique
1048 2089 1157 2172 patria
1186 2091 1286 2154 caris-

232 2197 325 2272 sima,
350 2216 486 2280 quoquo
509 2193 608 2258 modo
634 2195 699 2259 erit
727 2193 845 2257 merita
873 2191 914 2256 dc
942 2215 1013 2268 mc;
1039 2195 1221 2278 tranquilla
1246 2216 1282 2258 re

232 2300 366 2385 publica
389 2301 453 2365 mei
476 2301 576 2376 cirea,
603 2300 763 2384 quoniam
788 2297 868 2360 milri
892 2319 969 2362 cum
994 2298 1061 2362 illis
1092 2319 1157 2362 non
1191 2299 1282 2375 licet,

234 2406 305 2469 sine
322 2427 374 2470 me
398 2405 471 2491 ipsi,
488 2404 547 2469 sed
571 2411 707 2489 propter
729 2425 780 2467 me
805 2411 916 2466 tamen
933 2401 1160 2486 perfruantur.
1208 2403 1283 2489 Ego

179 2528 208 2573 25
234 2509 348 2574 cedam
371 2518 474 2595 atque
497 2507 603 2572 abib0.
650 2506 685 2572 Si
717 2507 798 2570 mihi
821 2506 907 2571 bona
923 2528 956 2571 re
973 2505 1107 2591 publica
1123 2506 1191 2570 frui
1214 2528 1283 2571 non

232 2615 374 2690 licuerit,
406 2620 443 2677 at
471 2612 587 2678 carebo
621 2613 708 2676 mala
738 2619 782 2688 et,
815 2632 917 2696 quam
955 2611 1099 2694 primum
1138 2613 1282 2697 tetigero

232 2719 314 2782 bone
332 2725 492 2782 moratam
515 2724 551 2782 et
571 2715 709 2781 liberam
726 2717 908 2792 civitatem,
927 2709 960 2776 in
977 2735 1015 2778 ea
1036 2716 1280 2798 conquiescam.
1354 2759 1357 2763 -

180 2821 260 2888 940
286 2821 432 2899 frustra,’
450 2822 570 2905 inquit,
590 2821 690 2884 ‘mihi
715 2821 865 2904 suscepti
888 2817 1064 2895 laboreso
1088 2840 1163 2903 spes
1189 2816 1282 2882 falla·
1382 2897 1383 2900 Ἴ

233 2949 286 2992 ces
318 2934 353 2991 et
383 2927 603 3012 cogitationes
626 2926 742 2988 inanes
766 2922 878 2989 meael
925 2923 998 3009 Ego
1022 2944 1099 2987 cum
1123 2922 1280 2988 tribunus

179 3049 209 3094 3ο
234 3032 279 3115 pl.
307 3053 341 3095 re
374 3029 507 3114 publica
537 3049 692 3114 oppressa
723 3016 774 3093 'me
806 3028 937 3092 senatui
971 3025 1146 3104 dedissem,
1179 3049 1280 3111 quem

233 3136 420 3198 extinctum
466 3155 666 3220 acceperam,
708 3131 877 3217 equitibus
919 3132 1088 3208 Romanis,
1136 3153 1281 3216 quorum

233 3240 320 3303 vires
351 3246 446 3302 erant
476 3237 610 3314 debiles,
641 3236 739 3302 bonis
770 3237 859 3312 viris,
885 3237 943 3321 qui
975 3257 1107 3300 ornnem
1139 3237 1281 3300 auctori-

232 3350 335 3406 tatem
359 3343 530 3407 Clodianis
550 3342 649 3406 armis
673 3340 873 3416 obiecerant,
891 3340 971 3403 mihi
998 3361 1158 3424 umquam
1180 3338 1281 3404 bono-

232 3468 306 3510 rum
337 3447 538 3532 praesidium
569 3445 768 3510 defuturum
799 3445 976 3529 putarem?
1021 3443 1094 3531 Ego
1118 3465 1194 3508 cum
1226 3443 1279 3509 te'

179 3569 208 3614 35
235 3553 384 3634 (mecum
400 3552 488 3615 enim
501 3550 690 3636 saepissime
700 3549 872 3633 loquitur)
893 3557 901 3586 ‘
911 3549 1036 3632 patriae
1047 3546 1278 3625 reddidissem,

234 3655 315 3718 mihi
348 3664 499 3740 putarem
531 3657 566 3718 in
596 3655 704 3739 patria
735 3675 801 3718 non
834 3652 988 3716 futurum
1019 3653 1155 3716 locum?
1211 3652 1280 3718 Ubi

232 3781 321 3823 nuno
360 3768 496 3824 senatus
527 3767 587 3837 est,
618 3780 719 3842 quem
750 3758 857 3822 secuti
891 3779 1017 3833 sumus,
1052 3756 1110 3821 ubi
1148 3758 1279 3841 equites

232 3863 375 3956 Romani
399 3865 459 3941 illi,
476 3862 548 3939 illi‚'
565 3862 687 3945 inquit,
706 3861 786 3938 ‘tui,
803 3861 859 3924 ubi
881 3859 994 3925 studia
1010 3861 1278 3946 municipiorum,
