2800 4367
544 294 625 349 car.
640 300 679 361 12,
704 294 717 357 t
740 297 828 350 aeas.
877 272 881 280 ’
1206 288 1247 352 41

147 492 237 557 quae
254 472 498 556 codmptionem
513 469 673 546 facerent,
692 471 836 535 ‘Gaias’
853 474 974 538 vocari.
1021 472 1093 537 Iam
1113 473 1198 537 illud

150 575 231 640 mihi
267 575 407 661 quidem
439 576 561 639 mirum
592 574 700 640 videri
731 576 827 651 solet,
859 583 912 639 tot
947 577 1096 641 homiues
1130 585 1208 661 tam

146 680 339 767 ingeniosos
368 686 447 765 post
472 687 524 745 tot
553 700 657 745 annos
685 680 787 743 etiam
819 702 909 744 nuno
944 688 1093 745 statuero
1130 702 1198 745 non
1220 701 1250 744 40

147 785 307 867 potuisse,
325 791 440 848 utrum
457 783 565 849 ‘diem
581 784 739 850 tertium?
757 805 800 847 an
818 784 1077 867 ‘perendinum’
1096 784 1198 848 ‘iudi-

146 889 238 953 cem’
263 909 306 951 an
323 888 528 963 ‘arbitrum'
554 888 664 951 ‘rem’
689 909 732 950 an
768 888 901 951 ‘litem’
926 888 994 953 dici
1017 896 1195 973 oporteret.

146 1008 231 1055 xm.
262 992 394 1077 Itaque,
426 1000 465 1056 ut
498 991 579 1067 dixi,
608 991 756 1077 dignitas
790 994 826 1054 in
856 993 920 1055 ista
952 993 1093 1056 scientia
1123 997 1249 1059 con-28

146 1098 266 1161 sularis
305 1118 490 1181 numquam
528 1095 605 1173 fuit,
646 1118 731 1180 quae
771 1104 842 1159 tota
883 1118 924 1159 ex
967 1097 1066 1161 rebus
1110 1098 1196 1161 fictis

145 1202 454 1285 commenticiisque
486 1208 664 1276 constaret,
695 1201 822 1285 gratiae
850 1222 928 1265 vero
955 1202 1062 1264 multo
1094 1203 1196 1265 etiam

145 1306 268 1369 minus.
316 1304 417 1384 Quod
433 1306 522 1369 enim
539 1304 691 1369 omnibus
708 1311 801 1389 patet
818 1313 854 1369 et
875 1326 982 1389 aeque
1005 1298 1197 1389 promptum

144 1417 198 1473 est
228 1393 326 1473 mihi'
341 1416 376 1474 et
409 1408 598 1473 adversario
633 1429 717 1484 meo,
752 1408 788 1471 id
822 1430 894 1472 esse
928 1416 1062 1494 gratum
1101 1410 1195 1474 nullo
1231 1428 1247 1471 e

145 1520 245 1597 pacto
275 1520 396 1599 potest.
443 1512 564 1596 Itaque
595 1534 663 1576 non
694 1512 793 1577 modo
824 1512 976 1577 beneficii
1007 1513 1194 1577 collocandi

144 1637 249 1701 spem,
277 1616 338 1681 sed
364 1618 465 1682 etiam
496 1616 592 1693 illud,
621 1616 714 1701 quod
744 1616 926 1701 aliquando
953 1615 1031 1693 fuit,
1064 1616 1195 1681 ‘Llcur

144 1721 384 1785 conscensu?
397 1721 405 1747 ’
419 1722 486 1785 iam
498 1720 701 1805 perdidistis.
749 1719 887 1804 Sapiens
899 1721 1084 1785 existimari
1097 1743 1195 1787 nemo

144 1832 257 1910 potest
281 1826 315 1888 in
343 1847 381 1889 ea
406 1824 595 1910 prudentia,
613 1846 698 1910 quae
726 1846 836 1909 neque
862 1832 957 1889 extra
982 1826 1121 1889 Romam
1144 1848 1196 1889 us·

145 1950 248 2013 quam
277 1950 389 2014 neque
421 1930 546 1993 Romae
578 1928 676 1993 rebus
710 1929 849 2013 prolatis
879 1930 1060 2013 quicquam
1092 1930 1193 1995 vaiet.
1217 1946 1246 1992 10

147 2032 282 2098 Peritos
314 2033 390 2097 ideo
417 2032 530 2097 haberi
562 2054 660 2097 nemo
690 2039 812 2117 potest,
841 2032 934 2116 quod
959 2034 995 2096 in
1025 2055 1074 2109 eo,
1103 2034 1194 2118 quod

144 2139 258 2203 sciunt
279 2160 404 2215 omnes,
422 2138 517 2201 nullo
543 2137 641 2202 modo
666 2145 809 2222 possunt
832 2138 970 2203 interse
996 2137 1207 2223 discrepare..

145 2241 303 2307 Difficilis
334 2250 446 2307 autem
478 2263 530 2307 res
561 2242 636 2307 ideo
667 2263 735 2305 non
766 2248 915 2326 putatur,
943 2242 1035 2327 quod
1060 2251 1096 2307 et
1124 2265 1195 2327 per·

146 2348 261 2431 paucis
277 2354 312 2410 et
332 2346 467 2411 minime
493 2346 641 2411 obscuris
666 2346 789 2410 litteris
813 2331 1015 2411 continetur.
1062 2348 1192 2432 Itaque,

144 2451 174 2514 si
190 2451 282 2526 mihi,
298 2450 425 2515 homini
451 2451 667 2517 vehementer
692 2458 865 2535 occupato,
892 2451 1101 2515 stomachum
1129 2473 1196 2515 mo
1217 2466 1245 2511 15

146 2556 272 2630 veritis
311 2554 424 2619 triduo
463 2577 515 2618 me
551 2555 633 2619 iuris
669 2555 863 2618 consultum
898 2577 970 2619 esse
1005 2554 1192 2639 profitebor.

146 2658 290 2736 Etenim,
308 2681 393 2743 quae
419 2658 459 2724 de
485 2660 611 2743 scripto
637 2665 795 2744 aguntur,
817 2660 942 2743 scripta
966 2667 1048 2723 suut
1071 2660 1192 2735 omnia,

145 2784 256 2847 neque
274 2771 387 2827 tamen
404 2764 586 2847 quicquam
602 2770 671 2827 tam
690 2770 835 2849 anguste
856 2764 1019 2847 scriptum
1046 2771 1108 2840 est,
1124 2785 1194 2847 quo

144 2889 208 2953 ego
239 2889 306 2931 non
330 2868 454 2951 possim
480 2866 586 2945 ‘QUA
611 2884 660 2929 Du
683 2884 733 2929 aa
756 2867 921 2950 narrum
941 2867 1082 2943 addere;
1107 2888 1193 2951 quae

145 2972 371 3035 consuluntur
391 2977 514 3047 autem,
533 2971 669 3033 minimo
686 2971 836 3055 periculo
852 2970 1107 3055 respondentur.
1156 2970 1190 3034 Si
1214 2986 1243 3030 ao

145 3075 189 3151 id,
207 3074 299 3159 quod
321 3082 463 3158 oportet,
480 3075 701 3159 responderis
718 3074 809 3139 idem
824 3073 958 3139 videare
982 3074 1191 3159 respondisse

145 3179 236 3263 quod
253 3178 410 3253 Servius3
435 3180 488 3243 sin
506 3180 613 3255 aliter,
631 3172 733 3242 etiam
749 3187 1003 3244 controversum
1019 3181 1071 3253 ius
1094 3201 1192 3245 nosse

144 3291 338 3349 attractare
354 3282 497 3348 videare.
544 3283 758 3366 Quapropter
774 3304 840 3346 non
867 3283 977 3347 solum
1002 3284 1062 3347 illa
1085 3284 1192 3369 gloria
1204 3286 1244 3349 29

146 3388 299 3453 militaris
314 3388 436 3452 vestris
452 3386 605 3451 formulis
621 3394 725 3471 atque
746 3386 935 3451 actionibus
958 3387 1192 3472 anteponenda

145 3499 206 3566 est,
224 3514 341 3557 verum
358 3493 459 3555 etiam
474 3491 610 3555 dicendi
633 3490 842 3555 consuetudo
865 3491 965 3578 longe
989 3500 1025 3557 et
1047 3494 1191 3557 multum
1215 3506 1244 3551 25

145 3596 202 3660 isti
229 3603 360 3661 vestrae
388 3597 620 3661 exercitationi
644 3595 687 3659 ad
710 3595 869 3660 honorem
896 3598 1081 3661 antecellit.
1129 3597 1195 3661 Ita-

145 3721 211 3784 que
230 3701 311 3763 mihi
327 3700 485 3765 videntur
501 3699 653 3784 plerique
676 3700 774 3763 initio
802 3700 909 3764 multo
936 3701 998 3765 hoc
1024 3703 1192 3775 maluisse,

145 3812 232 3887 post,
249 3824 327 3867 cum
343 3804 377 3867 id
393 3804 533 3888 adsequi
555 3825 622 3868 non
650 3806 850 3887 potuissent,
867 3806 955 3869 istuc
980 3807 1194 3888 potissimum
