2800 4367
215 221 277 288 ica
555 231 627 286 rao
650 232 680 284 r.
706 233 828 286 sirum
850 231 1000 287 omno.

211 425 240 470 aa
262 407 363 473 debet
388 405 500 472 dicere
526 427 629 492 quam
655 427 676 470 a
706 427 758 471 me
786 404 923 471 defendi
954 404 1099 483 Sullam,
1124 407 1297 471 testimonio
1375 417 1376 424 ’

262 513 391 577 laesum
408 534 480 577 esse
498 511 715 574 Autronium.
762 509 890 575 Videor
910 511 1001 575 enim
1025 511 1093 573 iarn
1118 532 1188 574 non
1210 511 1298 575 solun

261 616 412 681 studium
429 614 473 680 ad
488 613 717 680 defauendas
740 635 866 691 causac,
885 635 1003 679 verum
1023 615 1129 678 etiam
1153 616 1299 700 opinionis

263 719 392 804 aliquid
405 729 440 784 et
448 720 660 784 auctoritatis
673 717 825 794 adferre3
849 739 916 804 qua
926 739 989 804 ego
1002 724 1038 782 et
1049 717 1223 783 moderate
1233 727 1298 794 utar,

262 823 400 897 iudices,
416 832 452 888 et
468 824 604 888 omnino
620 843 687 886 non
704 831 826 898 uterer,
842 822 872 886 si
887 821 945 886 ille
961 843 1015 886 me
1033 843 1101 885 non
1121 821 1283 908 coegisset.

212 929 247 990 11
306 943 355 990 1v.
388 926 485 992 Duae
511 926 760 991 coniurationes
788 924 846 990 abs
875 931 918 1002 te,
942 925 1133 1010 Torquate,
1159 929 1302 990 constitn-

262 1041 376 1105 untur,
392 1053 471 1106 una,
488 1052 574 1115 quae
604 1029 732 1115 Lepido
753 1037 790 1094 et
813 1029 972 1094 Volcatio
996 1030 1202 1094 consulibus
1226 1039 1302 1116 patre

261 1144 321 1200 tuo
346 1135 483 1200 consule
500 1135 678 1221 designato
706 1134 796 1199 facta
821 1156 893 1199 esse
919 1133 1056 1210 dieitur,
1084 1135 1208 1211 altera,
1234 1157 1303 1219 quae

260 1261 313 1304 mc
344 1241 502 1315 consule3
535 1239 654 1303 lrarum
685 1239 721 1303 in
752 1245 897 1324 utraque
924 1237 1054 1303 Sullam
1083 1238 1172 1303 dicis
1201 1238 1302 1302 fuisse.

223 1361 238 1405 o
261 1345 370 1409 Patris
387 1346 448 1420 tui,
465 1344 640 1408 fortissimi
656 1345 721 1410 viri
745 1351 849 1428 atque
866 1343 984 1428 optimi
1000 1344 1165 1420 consulis,
1183 1345 1246 1408 scis
1262 1366 1305 1407 ine

260 1449 408 1512 consiliis
435 1471 502 1512 non
530 1448 747 1525 interfuisse3
772 1449 837 1513 scis
863 1470 925 1525 me,
948 1469 1026 1512 cum
1051 1447 1138 1510 mihi
1165 1470 1306 1512 summus

260 1562 372 1616 tecum
397 1574 479 1616 usus
504 1560 603 1627 esset,
620 1561 733 1617 tamen
761 1553 897 1616 illorum
921 1558 1096 1637 expertem
1123 1559 1306 1637 temporum

259 1665 295 1720 et
321 1679 511 1720 ser-mmmm
539 1656 655 1733 fuisse,
682 1656 792 1731 cred0,
822 1657 914 1741 quod
937 1655 1089 1720 nondum
1115 1642 1253 1741 penitus
1277 1658 1307 1718 in
1331 1661 1333 1666 ’

260 1782 295 1824 re
334 1760 468 1845 publica
503 1760 667 1837 versabar,
701 1759 794 1846 quod
831 1760 981 1824 nondum
1018 1759 1061 1824 ad
1100 1761 1307 1844 propositum

209 1879 238 1924 10
261 1864 341 1927 mihi
367 1864 466 1928 finem
495 1865 628 1929 honoris
657 1887 883 1950 perveneram,
913 1863 1004 1950 quod
1031 1886 1082 1928 me
1110 1865 1252 1929 ambitio
1277 1874 1309 1928 et
1375 1897 1376 1904 2

260 1967 400 2032 forensis
431 1969 526 2032 labor
554 1969 597 2033 ab
632 1970 724 2033 omni
758 1970 816 2032 illa
847 1961 1050 2055 cogitatione
1083 1968 1306 2034 abstrahebat.

208 2077 245 2139 12
260 2073 346 2152 Quis
369 2095 448 2159 ergo
470 2075 630 2138 intererat
647 2074 769 2138 vestris
791 2073 964 2138 consiliis?
1011 2072 1140 2137 Omnes
1162 2073 1209 2150 hi,
1228 2096 1308 2159 quos

260 2177 352 2241 vides
383 2179 461 2242 huic
491 2178 618 2254 adesse,
650 2187 686 2242 et
717 2180 750 2241 in
785 2179 899 2263 primis
933 2178 975 2257 Q.
1003 2177 1228 2258 Hortensius;
1252 2181 1309 2263 qui

258 2303 334 2345 cnm
365 2289 502 2366 propter
528 2281 687 2347 honorem
718 2303 755 2346 ac
789 2281 990 2368 dignitatam
1024 2291 1128 2367 atque
1159 2285 1309 2346 animum

208 2402 236 2447 15
258 2388 419 2451 eximium
455 2389 491 2450 in
528 2409 599 2451 rem
637 2387 815 2471 publicam,
858 2397 930 2451 turn
970 2395 1106 2473 propter
1143 2409 1309 2452 summam

258 2491 517 2556 familiaritatem
547 2514 786 2576 summumque
814 2513 957 2555 amorem
990 2493 1025 2555 in
1052 2499 1183 2576 patrem
1212 2501 1308 2556 tuum

257 2618 333 2659 cum
357 2595 599 2672 communibUS,
625 2604 698 2659 tum
723 2597 909 2680 praecipuis
940 2597 1043 2680 patris
1067 2597 1119 2660 tui
1150 2598 1307 2680 periculis

257 2701 537 2764 commovebatur.
584 2700 673 2786 Ergo
700 2702 798 2764 istius
837 2701 1074 2766 coniurationia
1101 2701 1230 2765 crimen
1257 2702 1308 2764 de-

257 2804 389 2868 fensum
421 2804 463 2868 ab
495 2826 534 2868 eo
565 2813 626 2880 est,
659 2805 718 2889 qui
752 2804 918 2881 interfuit,
954 2807 1013 2890 qui
1044 2807 1216 2890 cognovit,
1249 2807 1305 2890 qni

206 2924 235 2968 ao
258 2909 422 2994 particeps
453 2917 488 2972 et
517 2909 648 2971 consilii
676 2911 779 2974 vestri
812 2909 879 2973 fuit
906 2916 941 2974 et
967 2909 1115 2984 timoris;
1149 2912 1249 2976 cuius
1273 2913 1304 2973 in

258 3012 319 3075 hoc
336 3013 474 3076 crimine
497 3013 724 3097 propulsando
746 3034 821 3077 curn
846 3022 934 3078 esset
955 3014 1184 3098 copiosissima
1205 3023 1304 3099 atque

258 3117 469 3180 ornatissima
498 3117 613 3191 oratio,
642 3124 755 3182 tamen
786 3139 852 3182 non
884 3119 994 3182 minus
1027 3119 1136 3181 inerat
1166 3121 1305 3183 auctori·

258 3220 337 3282 tatis
354 3219 387 3282 in
405 3242 443 3284 ea
459 3242 560 3304 quam
576 3219 758 3284 facultatis.
808 3221 905 3285 Illius
929 3223 1034 3308 igitur
1055 3223 1302 3296 coniurationia,

258 3345 343 3408 quae
369 3322 460 3388 facta
484 3331 599 3387 contra
625 3346 696 3399 vce,
714 3323 825 3389 delata
852 3326 991 3403 advoc,
1018 3348 1037 3389 a
1062 3325 1155 3390 vobis
1177 3328 1303 3411 prolata

206 3444 235 3487 aa
258 3450 328 3492 esse
360 3427 492 3502 dicitur,
525 3449 587 3513 ego
618 3429 714 3491 testis
746 3449 817 3492 esse
848 3450 915 3492 non
947 3431 1062 3515 potui3
1102 3451 1168 3494 non
1209 3431 1303 3496 modo

258 3533 367 3596 animo
399 3532 484 3594 nihil
515 3531 671 3615 comperi,
704 3531 763 3596 sed
793 3533 860 3596 vix'
884 3533 927 3596 ad
957 3556 1053 3599 aures
1085 3556 1175 3599 meas
1208 3536 1302 3600 istius

208 3639 245 3698 13
259 3637 457 3720 suspicionis
498 3635 586 3699 fama
625 3638 789 3720 pervenit.
847 3637 915 3715 Qui
957 3639 1050 3703 vobis
1091 3641 1125 3702 in
1166 3641 1300 3705 consilio

257 3738 405 3818 fuerunt,
436 3742 497 3825 qui
534 3740 707 3805 vobiscum
745 3742 803 3801 illa
834 3749 1032 3821 cognorunt,
1065 3741 1188 3824 quibus
1215 3744 1299 3836 =ipsis
1371 3779 1372 3788 κ
