2800 4367
170 275 234 344 140
522 285 728 341 nersronaa
750 283 948 340 senseras.

222 465 443 549 nequissimos
468 463 630 538 reiiceret,
660 481 737 526 reus
768 468 940 545 tamquam
970 458 1113 524 clemens
1138 459 1237 524 lanista

169 582 200 627 ro
220 567 484 654 frugalissimum
507 586 674 651 quemque
697 573 896 641 secerneret,
913 573 952 629 ut
972 565 1116 649 primum
1135 563 1239 628 iudices

223 671 457 747 consederunt,
473 669 571 736 valde
587 669 737 733 diffidere
761 668 839 732 boni
863 676 1049 753 coeperunt
1056 692 1064 743 ;
1088 688 1151 731 non
1171 668 1241 732 enim

223 796 383 861 umquam
398 775 528 860 turpior
547 775 582 837 in
604 773 687 838 ludo
710 773 827 836 telario
852 793 1028 837 consessus
1052 771 1134 835 fuit:
1157 792 1244 835 macu-

222 879 285 944 losi
297 887 476 956 senatores,
488 878 571 942 nudi
583 878 727 962 equites,
743 875 871 940 tribuni
880 897 948 939 non
962 883 1030 940 tam
1042 877 1143 940 aerati
1155 897 1246 959 quam,

223 991 264 1048 ut
278 982 502 1068 appellantur,
519 983 656 1057 aerarii3
680 981 779 1066 pauci
795 988 908 1056 tamen
924 979 1001 1044 boni
1026 963 1164 1056 inerairt,
1179 1001 1247 1064 quos

171 1103 200 1148 45
223 1088 402 1152 reiectione
417 1085 535 1173 fugare
552 1087 609 1150 ille
624 1107 692 1150 non
706 1092 872 1170 potuerat,
887 1084 945 1169 qui
962 1086 1082 1149 maesti
1106 1085 1189 1148 inter
1207 1085 1249 1147 sui

224 1191 401 1255 dissimiles
424 1199 460 1254 et
482 1197 667 1255 maerentes
689 1188 852 1254 sedebant
877 1197 913 1253 et
943 1189 1142 1274 contagione
1165 1189 1252 1272 turpi-

182 1297 202 1356 4
222 1294 350 1359 tudinis
373 1294 590 1359 vehementer
612 1291 903 1378 permovebantur.
950 1291 1026 1368 Hic,
1051 1299 1091 1356 ut
1117 1311 1254 1376 quaeque

224 1420 276 1464 res
305 1398 348 1462 ad
377 1398 556 1463 consilium
585 1398 702 1482 primis
734 1396 1017 1483 postulationibus
1049 1395 1254 1471 referebatur,

224 1501 428 1567 incredibilis
443 1511 516 1567 erat
530 1503 692 1566 severitas
708 1500 802 1564 nulla
819 1501 981 1565 varietate
1003 1501 1256 1565 sententiarum:

171 1621 201 1668 oo
223 1605 307 1670 nihil
334 1605 535 1690 impetrabat
556 1627 643 1681 reue,
671 1606 747 1689 plus
774 1605 958 1668 accusatori
989 1603 1142 1680 dabatur,
1170 1623 1259 1687 quam

126 1763 128 1766 v
224 1710 433 1795 postulabat3
458 1707 832 1794 triumphabat—quid
845 1708 1261 1793 quaerisl—Hortensius

226 1815 402 1880 sevidisse
425 1823 578 1889 tantum3
602 1835 698 1878 nemo
722 1821 803 1890 erat,
827 1813 887 1897 qui
910 1813 1008 1877 illurn
1023 1835 1117 1878 reum
1142 1835 1179 1877 ac
1201 1834 1263 1876 non

224 1919 333 1983 milies
372 1918 631 1982 condemnatum
673 1905 902 1983 arbitraretur.
958 1917 1016 1982 Me
1058 1941 1140 1982 vero
1184 1926 1264 1983 teste

225 2022 389 2107 producto
404 2022 503 2086 credo
519 2030 552 2086 te
568 2044 611 2086 ex
635 2023 873 2088 acclamatione
899 2022 1011 2086 Clodii
1033 2023 1266 2088 advocatorum

172 2143 204 2198 ⁵5,
224 2125 357 2190 audisse
383 2147 469 2211 quae
501 2128 728 2191 consurrectio
760 2126 910 2190 indicum
941 2126 1033 2192 facta
1063 2129 1130 2204 sit,
1149 2136 1188 2193 ut
1216 2149 1266 2192 me

225 2232 516 2304 circumsteterint,
534 2239 574 2294 ut
588 2239 701 2315 aperte
719 2232 835 2318 iugula
850 2251 911 2296 sua
926 2253 986 2316 pro
1002 2253 1076 2296 meo
1099 2233 1206 2317 capite
1229 2231 1267 2294 P.

227 2335 346 2399 Clodio
363 2337 582 2400 ostentarint:
609 2357 695 2421 quae
712 2337 792 2399 mihi
809 2358 860 2400 res
878 2337 985 2401 multo
1001 2337 1269 2402 honorificentior

226 2440 298 2503 visa
313 2447 366 2502 est
381 2461 481 2523 quam
496 2448 557 2503 aut
570 2440 639 2515 illa,
656 2461 733 2504 cum
749 2442 856 2504 iurare
873 2441 923 2504 tui
940 2441 1030 2506 cives
1048 2441 1269 2506 Xenocratem

227 2544 457 2607 testimonium
480 2533 648 2608 dicentem
674 2544 929 2628 prohibuerunt,
957 2553 1018 2609 aut
1039 2567 1116 2610 cum
1140 2545 1271 2610 tabulas

173 2663 202 2707 oo
225 2647 354 2711 Metelli
371 2647 553 2723 Numidici,
571 2668 731 2723 cumeae,
751 2655 791 2712 ut
805 2669 876 2712 mos
893 2657 954 2725 est,
966 2649 1270 2726 circumferrentur,

226 2753 330 2815 nostri
347 2751 474 2816 iudices
498 2753 643 2836 aspicere
659 2753 863 2828 noluerunt3
887 2754 995 2818 multo
1015 2753 1105 2830 haec,
1122 2755 1271 2839 inquam,

185 2855 204 2915 5
227 2864 339 2919 nostra
351 2878 402 2920 res
418 2855 530 2919 maior.
576 2855 695 2940 Itaque
707 2854 857 2921 iudicum
874 2858 1021 2934 vocibus,
1039 2879 1114 2922 cum
1138 2880 1201 2944 ego
1225 2861 1272 2924 sic

226 2959 268 3024 ab
282 2961 333 3036 iis,
350 2969 388 3024 ut
406 2961 497 3025 salus
512 2961 650 3045 patriae,
667 2960 877 3039 defenderer,
894 2962 1021 3028 fractus
1044 2985 1121 3028 reus
1144 2972 1181 3028 et
1204 2986 1273 3050 una
1348 3026 1350 3030 .

226 3066 357 3149 patroni
382 3086 495 3128 omues
522 3064 753 3141 conciderunt,
781 3065 823 3130 ad
850 3088 902 3131 me
928 3074 1041 3132 autem
1071 3069 1186 3134 eadem
1211 3071 1274 3137 fre·

173 3188 202 3256 oc
228 3169 365 3252 quentia
395 3167 555 3251 postridie
583 3171 752 3244 convenit,
784 3191 927 3253 quacum
955 3171 1069 3237 abiens
1092 3177 1272 3240 consulatu

226 3294 300 3336 sum
316 3271 450 3335 domum
475 3271 643 3337 reductus.
690 3273 843 3339 Clamare
867 3277 1028 3359 praeclari
1052 3278 1272 3366 Ariopagitae

226 3399 261 3470 se
279 3398 345 3440 non
361 3399 432 3467 csse
449 3385 609 3441 venturos
625 3377 689 3440 nisi
706 3378 871 3461 praesidio
883 3382 1077 3445 constituto.
1114 3383 1274 3448 Refertur

226 3480 269 3546 ad
308 3483 502 3546 consilium:
542 3503 610 3544 una
647 3483 718 3546 sola
759 3485 927 3548 sententia
965 3486 1167 3569 praesidium
1205 3511 1271 3554 non

227 3587 439 3653 desideravit.
498 3585 661 3650 Defertur
698 3608 752 3650 res
793 3587 835 3665 ad
865 3597 1039 3653 senatum:
1077 3593 1270 3677 gravissime

174 3707 203 3752 70
225 3693 500 3775 ornatissimeque
532 3690 743 3778 decertatum
781 3691 964 3756 laudantur
994 3695 1141 3771 iudices3
1173 3697 1271 3762 datur

226 3798 399 3884 negotium
422 3794 693 3881 magistratibus3
717 3815 955 3887 responsurum
981 3797 1148 3863 hominem
1175 3821 1270 3865 nemo
