2800 4367
476 373 557 424 cnr.
582 375 639 435 as,
663 372 675 431 s
699 373 774 428 7-12:
1020 449 1023 456 A
1132 357 1196 425 179

105 545 204 610 coloni
219 543 498 630 decurionesque,
511 543 687 609 fortissimi
704 551 806 630 atque
824 543 942 629 optimi
959 543 1033 620 viri,
1046 543 1144 610 bene-

105 649 206 713 ficium
222 647 261 710 P.
279 647 369 712 Sesti
385 649 579 712 testimonio
595 648 778 726 declarant,
795 648 982 734 periculum
1006 647 1141 714 decreto

105 775 158 817 suo
179 752 411 836 deprecantur.
457 753 585 829 Recita,
603 775 737 838 quaeso,
760 753 797 816 L.
815 752 912 829 Sesti,
930 752 1013 838 quid
1036 752 1197 819 decre-10

105 858 165 920 rint
180 856 315 941 Capuae
331 856 539 934 decuriones
557 858 677 922 utiam
703 858 841 942 puerilis
865 865 924 922 tua
946 878 1014 922 vox
1037 859 1144 942 possit

105 960 223 1046 aliquid
252 961 442 1047 significare
472 962 616 1026 inimicis
648 963 778 1038 vestris
804 961 974 1048 quidnam,
1006 984 1083 1026 oum
1110 984 1145 1028 se
1167 979 1197 1024 m

106 1066 331 1158 conroborarit,
362 1065 525 1131 effectura
562 1089 634 1132 esse
677 1067 843 1132 videatur.
890 1067 1143 1131 Ducumouum

105 1187 273 1234 nncnnnn.
320 1170 397 1234 Non
414 1171 519 1236 recito
540 1170 713 1236 decretum
737 1171 844 1236 officio
871 1171 985 1256 aliquo
1013 1193 1144 1255 expres·

105 1297 172 1337 snm
202 1275 390 1339 vicinitatis
428 1283 490 1340 aut
531 1275 707 1340 clientelae
746 1283 807 1340 aut
843 1275 980 1360 hospitii
1019 1275 1143 1360 publici

106 1385 158 1441 aut
184 1377 376 1443 ambitionis
407 1387 468 1443 aut
493 1379 791 1444 commendationis
819 1380 937 1464 gratia,
954 1378 1014 1443 sed
1040 1380 1143 1442 recito

107 1485 287 1547 memoriam
304 1483 475 1569 perfuncti
491 1485 644 1568 periculi,
656 1483 936 1568 praedicationem
949 1483 1145 1567 amplissimi
1168 1501 1197 1544 25

106 1587 253 1663 beneficii,
268 1610 385 1653 vocem
401 1587 502 1652 officii
517 1589 713 1672 praesentis,
727 1587 958 1651 testimonium
973 1587 1143 1671 praeteriti

106 1693 264 1775 temporis.
323 1691 440 1776 Atque
471 1692 539 1756 illis
570 1691 776 1777 temporibus
807 1690 943 1767 eisdem,
973 1712 1050 1756 cum
1081 1692 1146 1755 iam
1162 1697 1196 1757 ll

107 1794 245 1879 Capuam
270 1803 364 1860 metu
390 1795 520 1861 Sestius
546 1796 732 1873 liberasset,
750 1795 863 1860 urbem
889 1803 1025 1860 senatus
1040 1803 1143 1881 atque

106 1922 209 1965 omnes
239 1900 319 1964 boni
350 1900 567 1985 deprehensis
604 1908 706 1986 atque
745 1901 912 1986 oppressis
951 1900 1142 1966 domesticis

106 2003 246 2069 hostibus
272 2027 324 2069 me
352 2004 438 2070 duce
463 2027 505 2070 ex
534 2005 692 2090 periculis
720 2005 875 2068 maximis
907 2005 1143 2082 extraxissent,
1168 2022 1197 2068 30

106 2129 160 2194 ego
175 2109 297 2174 litteris
314 2108 353 2172 Ρ.
371 2107 518 2174 Sestium
543 2109 659 2193 Capua
682 2109 836 2173 arcessivi
865 2130 941 2172 cum
968 2109 1026 2172 illo
1053 2131 1144 2174 exer-

106 2213 176 2290 citu,
198 2236 300 2300 quem
328 2220 402 2277 tum
429 2235 542 2278 secum
571 2212 723 2278 habebat.
774 2212 912 2292 Quibus
935 2212 989 2276 hic
1021 2214 1142 2278 litteris

106 2317 190 2384 lectis
205 2319 247 2383 ad
264 2318 380 2384 urbem
400 2317 577 2383 confestim
603 2317 791 2383 incredibili
816 2318 987 2382 celeritate
1011 2317 1143 2384 advola-

108 2424 157 2486 vit.
200 2425 320 2510 Atque
351 2432 391 2488 ut
420 2425 511 2488 illius
543 2425 701 2509 temporis
734 2425 943 2490 atrocitatem
978 2425 1146 2490 recordari.

105 2529 237 2610 possitis,
254 2528 372 2593 audite
388 2529 519 2593 litteras
536 2536 571 2592 et
583 2536 727 2594 vestram
746 2531 937 2594 memoriam
954 2529 997 2594 ad
1014 2531 1142 2595 timoris
1166 2546 1195 2591 35

105 2634 264 2713 praeteriti
281 2633 519 2718 cogitationem
532 2633 688 2698 excitate.
736 2633 925 2698 LITTERAE
941 2634 1141 2700 CICERONIS

106 2750 278 2801 consonis

142 2856 173 2903 v.
203 2841 279 2905 Hoc
303 2840 453 2906 adventu
482 2841 521 2904 P.
546 2840 633 2906 Sesti
662 2841 872 2906 tribunorum
900 2844 945 2928 pl.
967 2865 1141 2920 novorum,

42 3034 43 3037 Ἴ
107 2944 249 3026 quitum
272 2945 434 3010 extremis
461 2944 579 3010 diebus
603 2947 798 3011 consulatus
822 2947 887 3012 mei
907 2969 1040 3026 reseas,
1058 2969 1141 3034 quas

106 3068 269 3130 gesseram,
288 3071 411 3115 vexare
435 3049 626 3135 cupiebant,
651 3052 868 3137 reliquaeque
900 3054 1142 3118 coniurationis

106 3149 237 3235 impetus
253 3161 290 3218 et
305 3161 446 3218 conatus
462 3162 544 3218 sunt
558 3154 728 3218 retardati.
777 3156 829 3220 Ac
853 3164 1070 3243 posteaquam
1091 3165 1143 3223 est
1158 3165 1195 3225 12

77 3264 79 3269 '
107 3252 304 3322 intellectum
336 3257 384 3321 M.
413 3257 542 3323 Catone
574 3257 710 3322 tribuno
741 3260 798 3343 pl.‚
826 3259 1010 3326 fortissimo
1040 3270 1141 3348 atque
1179 3279 1194 3323 s

107 3361 223 3440 optimo·
244 3362 323 3438 civi,
343 3383 412 3426 rem
441 3361 610 3447 publicam
640 3361 843 3428 defendente
874 3387 934 3449 per
963 3387 998 3430 se
1029 3367 1139 3450 ipsum

41 3502 42 3511 η
106 3472 245 3528 senatum
262 3466 494 3550 populumque
511 3466 702 3529 Romanum
718 3467 788 3531 sine
805 3469 952 3533 militum
973 3471 1138 3554 praesidio

42 3591 45 3602 ·
108 3569 183 3630 tueri
204 3568 303 3633 facile
331 3569 510 3661 maiestate·
529 3591 591 3634 sua
616 3569 815 3656 dignitatem
836 3594 962 3650 eornm,
980 3576 1039 3660 qui
1055 3577 1140 3640 salu-

40 3720 44 3761 ,
107 3674 165 3732 tem
179 3694 388 3737 communem
404 3674 554 3757 periculo
569 3695 630 3737 suo
647 3673 890 3752 defendissent,
909 3676 1040 3744 Sestius
1063 3702 1137 3744 cum

109 3770 157 3835 illo
171 3778 319 3841 exercitu
336 3799 467 3840 summa
483 3778 652 3841 celeritate
670 3778 708 3841 C.
728 3779 916 3867 Antonium
940 3792 1140 3848 consecutus
1164 3798 1193 3842 10

110 3882 158 3938 est.
201 3879 265 3944 Hic
282 3903 345 3966 ego
362 3879 445 3965 quid
468 3880 665 3965 praedicem,
684 3882 807 3968 quibus
830 3872 885 3949 hic
909 3884 1007 3951 rebus
1024 3910 1140 3952 consu·
