2800 4367
480 339 560 389 cnr.
586 342 673 401 aare,
700 342 714 401 s
738 340 824 389 cass.
1185 330 1226 393 55

124 512 341 576 contentione
379 518 578 595 permotum,
609 519 745 575 accusat
778 518 936 596 paternus
968 514 1104 589 amicus
1137 512 1174 577 O.

124 616 319 691 Postumus,
348 623 457 691 vetus,
483 624 523 679 ut
549 618 597 679 ait
624 617 707 700 ipse,
731 617 863 679 vicinus
890 639 928 680 ac
956 619 1173 693 necessarius,

124 721 186 805 qui
209 719 467 785 necessitudinis
494 742 610 784 causas
625 721 807 805 compluris
824 722 975 805 protulit,
993 723 1191 785 simultatis

123 826 254 888 nullam
279 846 533 889 commemorare
560 826 693 908 potuit3
727 833 862 888 accusat
899 824 968 887 Ser.
994 824 1174 909 Sulpicius
1198 842 1227 890 25

122 928 249 992 sodalis
277 928 377 1004 filine,
402 928 498 992 cuius
530 930 665 1014 ingenio
696 929 826 1012 paterni
858 950 971 991 omnes
1000 930 1175 992 necessarii

123 1033 323 1096 munitiores
340 1054 411 1097 esse
429 1032 612 1107 debebant3
637 1041 773 1096 accusat
797 1032 843 1094 M.
869 1032 964 1106 Oete,
982 1033 1040 1115 qui
1064 1054 1141 1095 cum
1156 1054 1176 1095 a

123 1137 269 1213 Murena
293 1136 388 1199 nulla
413 1158 448 1200 re
471 1158 631 1219 umquam
654 1137 785 1199 alienus
809 1135 886 1211 fuit,
909 1144 982 1199 tum
1005 1135 1176 1199 000011111-

122 1243 219 1304 cione
243 1242 371 1304 eratin
395 1241 456 1304 hac
481 1242 616 1304 civitate
641 1249 752 1316 natus
773 1249 813 1304 ut
835 1242 906 1305 eius
930 1262 1008 1324 opes
1033 1249 1068 1305 et
1085 1242 1175 1326 inge·

121 1346 219 1408 nium
250 1336 415 1428 praesidio
447 1345 571 1419 multis,
607 1346 707 1408 etiam
738 1344 960 1420 alienissimis
989 1345 1093 1408 exitio
1117 1346 1174 1409 vix
1198 1360 1228 1405 30

121 1450 282 1532 cuiquam
299 1449 434 1512 inimico
451 1469 523 1512 esse
540 1446 685 1512 deberet.
733 1447 953 1531 Respondebo
976 1449 1082 1533 igitur
1097 1447 1176 1513 Pos-
1187 1453 1227 1514 57,

121 1561 218 1615 1111110
234 1554 388 1636 primum,
407 1553 465 1636 qui
489 1553 685 1636 nescioquo
710 1559 807 1636 pacto
832 1551 912 1613 mihi
928 1551 1063 1616 videtur·
1085 1555 1176 1637 prae·

121 1658 230 1719 torius
258 1655 457 1720 candidatus
484 1657 519 1718 in
547 1656 756 1720 consularem
786 1656 883 1739 quasi
911 1655 1114 1719 desultorius
1138 1657 1174 1720 in

121 1760 363 1845 quadrigarum
379 1761 585 1824 curriculum
601 1762 781 1824 incurrere.
821 1758 927 1823 Cuius
940 1762 1173 1844 competitores

120 1866 152 1927 si
183 1864 267 1926 nihil
298 1863 526 1947 deliquerunt,
558 1863 717 1949 dignitati
748 1884 861 1928 eorum
893 1864 1066 1939 concessit,
1097 1886 1174 1929 cum
1197 1879 1226 1925 35

122 1975 235 2051 petere
266 1968 419 2043 destitit3
450 1970 502 2032 sin
526 1977 638 2032 autem
662 1962 777 2031 eorum
801 1968 923 2052 aliquis
946 1968 1088 2054 largitus
1112 1978 1173 2045 est,

120 2071 333 2155 expetendus
364 2074 489 2136 amicus
520 2082 581 2148 est,
613 2073 671 2156 qui
703 2072 846 2135 alienam
875 2073 988 2156 potius
1018 2074 1175 2137 iniuriam

120 2198 225 2259 quam
240 2197 334 2239 suam
350 2184 580 2261 persequatur.

167 2281 224 2344 Dr:
240 2281 407 2345 Possum
434 2297 661 2356 GRIMINIBUS,
678 2298 728 2344 Du
752 2278 867 2345 Sunvr
890 2298 1171 2346 Anunnscnn'rrs.

154 2402 291 2449 xxvln.
325 2384 435 2449 Venio
460 2406 550 2448 nunc
576 2384 619 2447 ad
646 2384 693 2447 M.
722 2382 896 2461 Catonem,
921 2385 1012 2470 quod
1036 2394 1088 2449 est
1112 2386 1163 2448 fir·
1185 2388 1224 2452 58

120 2498 329 2553 mamentum
360 2511 397 2553 ac
429 2488 530 2553 robur
557 2489 662 2553 totius
690 2490 937 2563 accusationis3
969 2490 1028 2573 qui
1060 2499 1173 2554 tamen

119 2596 168 2657 ita
193 2595 305 2679 gravis
332 2603 385 2657 est
409 2601 583 2657 accusator
607 2600 642 2657 et
668 2592 858 2668 vehemens,
876 2601 916 2659 ut
935 2594 1042 2656 multo
1066 2596 1172 2680 magis

120 2700 194 2762 eius
225 2699 461 2762 auctoritatem
492 2718 594 2782 quam
629 2698 896 2762 criminationem
930 2700 1170 2781 pertimescam.

120 2802 162 2866 In
188 2824 255 2887 quo
277 2825 339 2887 ego
364 2810 566 2879 accusatore,
583 2802 724 2878 iudiceS,
741 2803 886 2886 primum
910 2802 996 2865 illud
1020 2802 1173 2886 depreca
1208 2820 1223 2863 5

121 2906 189 2983 bor,
206 2906 347 2991 nequid
364 2907 401 2969 L.
420 2906 581 2971 Murenae
599 2905 747 2992 dignitas
763 2906 866 2980 illius,
883 2927 925 2969 ne
950 2907 1033 2989 quid
1056 2929 1173 2990 expec-

120 3011 205 3073 tatio
243 3010 444 3086 tribunatus,
477 3032 519 3075 ne
558 3010 641 3094 quid
680 3011 786 3073 totius
817 3010 906 3074 vitae
944 3010 1102 3094 splendor
1138 3019 1172 3075 et

120 3116 268 3199 gravitas
284 3122 413 3190 noceat,
430 3114 577 3199 denique
594 3136 635 3178 ne
652 3136 690 3178 ea
706 3114 769 3177 soli
785 3114 864 3177 huic
888 3114 999 3178 obsint
1021 3115 1107 3178 bona
1123 3115 1170 3178 M.
1210 3153 1214 3159 ·

121 3217 270 3294 Catonis,
284 3240 370 3302 quae
386 3219 443 3282 ille
456 3218 598 3302 adeptus
615 3226 676 3294 est,
690 3227 732 3282 ut
746 3218 861 3282 multis
875 3218 1030 3302 prodesse
1047 3228 1169 3303 posset.

121 3322 180 3386 Bis
197 3322 314 3386 consul
338 3321 449 3387 fuerat
472 3322 511 3385 P.
532 3322 715 3386 Africanus
738 3330 774 3387 et
797 3322 880 3386 duos
904 3329 1046 3387 terrores
1069 3323 1170 3388 huius
1195 3339 1224 3383 10

21 3412 24 3419 ¹
120 3428 263 3511 imperii,
292 3425 536 3513 Carthaginem
559 3426 856 3511 Numantiamque,
884 3426 1064 3502 deleverat,
1093 3450 1170 3493 cum

120 3532 293 3595 accusavit
317 3531 354 3593 L.
384 3530 529 3595 Cottam.
577 3532 659 3595 Erat
685 3531 721 3592 in
748 3552 787 3595 eo
812 3552 942 3594 summa
966 3532 1169 3615 eloquentia,

120 3619 250 3698 summa
266 3632 358 3711 fides,
376 3657 507 3699 summa
522 3636 710 3719 integritas,
727 3636 909 3699 auctoritas
925 3643 1029 3711 tanta,
1042 3646 1170 3719 quanta

120 3739 156 3801 in
178 3740 317 3823 imperio
341 3739 457 3823 populi
482 3738 632 3814 Romani,
651 3738 745 3823 quod
759 3740 851 3802 illius
868 3761 967 3824 opera
983 3740 1168 3804 tenebatur.

122 3841 225 3926 Saepe
251 3842 313 3906 1100
337 3843 476 3906 maiores
501 3852 584 3905 natu
601 3842 709 3906 dicere
726 3843 850 3918 audivi,
867 3843 952 3907 hanc
968 3844 1169 3907 accusatoris
1193 3859 1221 3903 15
