2800 4367
26 580 27 599 1

26 602 28 631 l

464 373 545 422 cnr.
571 375 659 435 arsa,
684 376 698 436 ς
721 375 809 426 cr-u.
1148 363 1209 428 aot

110 545 322 610 intellectum
352 552 406 609 est
436 566 503 608 non
535 546 616 609 mihi
647 545 777 610 absenti
801 547 944 612 crevisse
970 549 1103 624 amicos,
1125 549 1159 612 in
1185 564 1213 610 ro

26 650 27 711 3
110 671 150 712 ea
184 649 375 733 praesertim
406 647 551 725 fortuna,
577 649 612 712 in
640 670 707 734 qua
730 671 797 713 non
824 650 910 713 nulli
936 652 1047 728 etiam,
1074 674 1158 737 quos

110 775 187 818 esse
208 762 413 838 putaveram,
430 774 498 817 non
520 761 626 831 erant,
642 753 703 818 sed
728 775 784 820 eos
801 755 1013 819 voluntatem
1028 779 1160 841 semper

110 857 260 933 eandem,
273 856 462 921 libertatem
477 878 543 920 non
561 857 699 922 eandem
718 879 849 942 semper
864 857 1032 925 habuisse.
1072 859 1102 924 N
1105 882 1156 925 am

110 984 154 1025 ex
175 983 294 1026 novem
318 959 475 1037 tribunis,
492 982 577 1046 quos
605 969 685 1026 tunc
708 961 899 1040 habueram,
913 984 1001 1029 unus
1029 986 1081 1029 me
1106 965 1158 1030 ab

26 1090 27 1167 ,
109 1074 206 1130 sente
238 1063 392 1140 defluxit,
417 1066 477 1150 qui
500 1087 686 1152 cognomen
718 1065 783 1130 sibi
810 1088 852 1132 ex
881 1067 1057 1132 Aeliorum
1086 1070 1162 1134 ima·
1184 1087 1212 1131 1c

26 1172 27 1241 i
110 1169 246 1256 ginibus
274 1169 427 1254 arripuit,
451 1191 519 1255 quo
547 1171 652 1256 magis
682 1172 829 1236 nationis
858 1172 929 1236 eius
957 1194 1028 1237 esse
1058 1195 1159 1258 quarn

26 1272 27 1321 ἶ
111 1275 243 1360 generis
280 1273 462 1340 videretur.
525 1273 598 1339 Hoc
638 1276 744 1362 igitur
781 1296 868 1341 anno
908 1277 1159 1363 magistratibus
1173 1283 1212 1343 ⁷0

26 1412 27 1445 ;
111 1380 207 1444 novis
234 1377 419 1466 designatis
444 1401 522 1443 cum
545 1401 659 1443 omnes
683 1379 762 1444 boni
793 1401 925 1446 omnem
950 1403 1041 1466 spem
1069 1383 1158 1446 meli·

26 1512 27 1521 1
110 1485 177 1548 oris
214 1490 327 1548 status
357 1484 393 1546 in
422 1504 537 1547 eorum
575 1482 673 1547 fidem
714 1485 968 1560 convertissent,
1001 1487 1155 1570 princeps

26 1646 28 1665 ‚
111 1587 148 1650 P.
176 1587 342 1652 Lentulus
377 1588 576 1651 auctoritate
609 1608 646 1651 ac
679 1588 847 1652 sententia
881 1610 942 1652 sua
975 1589 1095 1654 Pisone
1126 1598 1162 1654 et
1184 1610 1213 1654 ao

110 1691 256 1756 Gabinio
287 1690 555 1777 repugnantibus
588 1712 721 1756 causam
759 1693 909 1776 suscepit
947 1691 1156 1777 tribunisque

109 1797 154 1880 pl.
182 1800 268 1860 octo'
286 1794 507 1859 referentibus
532 1797 851 1880 praestantissimam
878 1797 918 1862 de
951 1818 1002 1861 me
1029 1805 1160 1862 senten-

45 1979 52 1990 .
108 1902 192 1964 tiam
218 1899 316 1963 dixit.
365 1898 531 1978 Quicum
559 1899 601 1963 ad
625 1900 766 1986 gloriam
790 1922 886 1965 suam
910 1909 1010 1984 atque
1034 1900 1158 1965 adam·

107 2004 253 2090 plissimi
292 2002 445 2068 beneficii
484 2005 626 2090 gratiam
666 2006 771 2091 magis
819 2005 985 2089 pertinere
1026 2004 1157 2070 videret

107 2130 244 2174 causam
261 2108 354 2172 illam
371 2109 535 2194 integram
561 2108 603 2171 ad
625 2131 724 2173 suurn
749 2109 961 2173 consulatum
987 2111 1157 2185 reservari,
1185 2127 1212 2169 25

106 2223 223 2277 tamen
249 2235 320 2277 rem
347 2213 450 2278 talem
474 2235 533 2298 per
548 2213 629 2276 alios
653 2214 753 2278 citius
771 2235 873 2298 quam
897 2235 956 2297 per·
970 2234 1005 2277 se
1031 2213 1158 2278 tardius

105 2318 229 2382 confici
245 2316 399 2382 malebat.
1119 2393 1127 2404 ·

153 2439 292 2486 xxxm.
326 2421 401 2486 Hoc
435 2423 569 2486 interim
595 2429 750 2506 tempore
778 2421 814 2484 P.
847 2421 987 2497 Sestius,
1021 2421 1157 2497 iudices
1173 2425 1209 2486 71

106 2525 309 2612 designatus
325 2527 389 2590 iter
404 2522 448 2589 ad
462 2525 500 2589 O.
515 2525 691 2589 Caesarem
710 2546 768 2610 pro
781 2546 854 2589 mea
870 2525 980 2589 salute
996 2525 1154 2609 suscepit.

108 2617 205 2708 Quid
242 2629 360 2716 egerit,
393 2637 558 2715 quantum
599 2627 787 2713 profecerit,
820 2627 906 2692 nihil
943 2628 986 2691 ad
1025 2649 1158 2692 causam

111 2734 290 2819 (equidem
317 2735 483 2810 existima,
511 2735 539 2798 si
568 2733 635 2809 ille,
661 2740 700 2797 ut
731 2733 881 2809 arbitror,
906 2754 1035 2817 aequus
1065 2733 1158 2797 nobis

110 2837 226 2914 luerit,
250 2838 335 2902 nihil
362 2837 404 2902 ab
430 2838 493 2903 hoc
520 2837 730 2923 profectum3
757 2839 810 2901 sin
836 2838 959 2913 iratior,
985 2857 1052 2899 non
1077 2837 1161 2900 mul·
1198 2854 1212 2896 5

110 2945 229 3025 tum);
259 2942 320 3008 sed
343 2950 454 3007 tamen
478 2942 694 3008 sedulitatem
719 2949 821 3027 atque
847 2942 1076 3027 integritatem
1101 2939 1156 3003 ho-

111 3047 212 3109 minis
245 3046 376 3112 videtis.
433 3046 609 3134 Ingredior
639 3048 705 3110 iam
733 3048 767 3110 in
800 3045 890 3110 Sesti
922 3044 1157 3119 tribunatum3

111 3150 278 3215 namhoc
306 3152 450 3236 primurn
476 3153 540 3216 iter
567 3151 764 3237 designatus
792 3150 839 3214 rei
871 3149 1024 3233 publicae
1056 3171 1157 3214 causa

110 3257 279 3339 suscepit3
312 3256 477 3340 pertinere
505 3264 540 3320 et
566 3255 609 3319 ad
636 3254 849 3320 concordiam
872 3254 997 3318 civium
1025 3256 1160 3338 putavit

111 3357 215 3422 etad
240 3358 437 3443 perficiundi
461 3358 660 3424 facultatem
683 3360 832 3423 animum
857 3357 1009 3422 Caesaris
1026 3378 1045 3420 a
1060 3379 1160 3422 causa
1184 3375 1211 3419 ro

112 3483 180 3526 non
206 3462 389 3528 abhorrere.
437 3463 533 3528 Abiit
560 3464 616 3529 ille
645 3485 773 3538 annus;
799 3464 977 3548 respirasse
1005 3461 1155 3528 homines

112 3564 314 3630 videbantur
341 3566 490 3630 nondum
518 3590 561 3643 re,
590 3567 651 3632 sed
682 3588 741 3652 spe
766 3568 814 3632 rei
838 3566 992 3652 publicae
1025 3587 1160 3650 recupe-

112 3668 246 3733 randae.
293 3669 461 3734 Exierunt
476 3672 571 3736 malis
587 3671 755 3736 ominibus
771 3679 873 3756 atque
890 3670 1159 3737 execrationibus

111 3773 180 3836 duo
213 3774 355 3837 vulturii
385 3775 556 3865 paludati,
604 3775 738 3855 Quibus
764 3777 894 3840 utinam
925 3776 1004 3860 ipsis
1031 3775 1161 3842 evenis·
1255 3789 1257 3793 “

110 3883 187 3942 sent
214 3898 262 3954 ea,
287 3899 373 3962 quae
402 3886 475 3944 tum
504 3879 654 3948 homines
682 3878 925 3965 precabantur!
958 3900 1068 3965 neque
1100 3892 1212 3945 nos15
