2800 4367
489 351 660 414 1111111,
685 353 699 415 c
722 351 777 406 aa.
1142 338 1205 404 161

105 525 153 602 id,
168 525 259 611 quod
274 547 348 611 ego,
365 524 425 609 qui
441 523 502 589 tibi
514 545 645 610 semper
655 524 753 589 fortis
766 523 911 601 videbar,
926 546 992 590 non
1005 546 1154 609 possum,

106 631 196 717 erige
224 638 257 695 te
285 638 322 695 et
348 629 515 706 confirma,
531 631 560 694 si
587 650 655 714 qua
676 629 851 696 subeunda
874 628 1046 696 dimicatio
1068 631 1151 696 erit:

107 759 212 822 spero,
243 735 387 820 siquid
417 757 491 800 mea
521 755 597 820 spes
635 734 738 801 habet
775 735 996 812 auctoritatis,
1028 735 1087 800 tibi
1120 743 1155 800 et

110 843 333 927 integritatem
352 847 445 903 tuarn
460 847 496 905 et
511 860 657 904 amorem
673 840 708 903 in
735 848 768 904 te
795 839 943 905 civitatis
969 849 1004 904 et
1025 839 1155 924 aliquid

112 948 207 1011 etiam
228 945 487 1011 misericordiam
508 945 614 1010 nostri
637 943 794 1031 praesidii
818 944 981 1020 laturam;
1014 945 1067 1008 sin
1090 944 1155 1010 eris
1177 957 1207 1004 oo
1240 983 1246 992 ·

113 1051 152 1116 ab
164 1053 226 1116 isto
241 1052 391 1135 periculo
407 1073 546 1128 vacuus,
563 1071 642 1137 ages
664 1051 803 1128 scilicet,
820 1051 849 1116 si
873 1050 956 1134 quid
979 1051 1033 1137 agi
1055 1072 1153 1135 posse

115 1155 151 1221 de
180 1155 271 1221 nobis
302 1155 446 1241 putabis.
494 1156 545 1220 De
577 1178 645 1240 quo
675 1155 828 1220 scribunt
858 1154 902 1220 ad
933 1177 985 1221 me
1017 1155 1154 1240 quidem

116 1261 205 1324 multi
220 1261 329 1325 multa
345 1267 380 1324 et
400 1281 590 1344 se·spcrare
613 1259 866 1335 demonstrant;
892 1259 951 1325 sed
972 1281 1045 1346 ege,
1063 1259 1155 1344 quod

115 1387 242 1450 sperem,
266 1386 333 1428 non
355 1364 505 1450 dispicio,
535 1385 610 1429 cunr
639 1365 765 1428 inimici
794 1365 978 1447 plurimum
1009 1364 1153 1441 valeant,

115 1463 207 1534 amici
226 1470 348 1554 partim
370 1468 586 1534 deseruerint
594 1490 656 1545 me,
673 1469 796 1552 partim
819 1469 919 1533 etiam
936 1467 1155 1553 prodiderint,
1178 1483 1208 1531 to

116 1575 215 1658 quiin
231 1595 304 1638 meo
328 1572 440 1638 reditu
463 1572 603 1637 fortasse
629 1571 920 1657 reprehensionem
944 1573 995 1637 sui
1019 1572 1154 1660 sceleris

115 1679 355 1762 pertimescunt.
402 1675 478 1753 Sed,
495 1677 560 1742 ista
576 1677 689 1761 qualia
705 1677 782 1753 sint,
800 1684 839 1740 tu
855 1677 957 1741 velim
974 1677 1154 1761 perspicias

115 1782 252 1867 mihique
269 1781 427 1846 declares.
475 1781 549 1867 Ego
566 1787 688 1858 tamen,
707 1781 869 1865 quamdiu
892 1781 952 1845 tibi
978 1801 1062 1865 opus
1079 1780 1153 1857 erit,

114 1888 138 1950 si
162 1886 240 1971 quid
258 1887 401 1970 periculi
424 1883 636 1950 subeundum
660 1883 799 1961 videbis
817 1886 948 1952 vivam:
973 1885 1102 1948 diutius
1118 1885 1153 1947 in

114 1991 167 2054 hac
181 1991 251 2055 vita
267 2012 339 2055 esse
356 2012 424 2054 non
446 2011 602 2074 possum3
627 2010 736 2074 neque
761 1991 850 2054 enim
875 1997 1007 2054 tantum
1033 1990 1155 2053 virium
1178 2008 1207 2056 tc

114 2095 205 2160 habet
233 2096 308 2158 ulla·
334 2105 395 2159 aut
425 2094 604 2180 prudentia
642 2102 703 2158 aut
742 2093 903 2171 doctrina,
944 2101 983 2158 ut
1021 2101 1152 2158 tanturn

113 2201 252 2266 dolorem
290 2201 396 2285 possit
432 2200 608 2264 sustinere.
657 2197 733 2263 Soio
773 2198 876 2263 fuisse
915 2207 950 2263 et
980 2198 1193 2271 honestiust

114 2305 266 2370 moriendi
283 2312 417 2388 tempus
433 2310 468 2368 et
489 2304 628 2379 utilius3
653 2303 714 2369 sed
737 2325 813 2367 non
826 2303 888 2368 1100
911 2304 1031 2380 solum,
1048 2303 1154 2367 multa

113 2410 172 2472 alia
196 2409 413 2494 praetermisi,
441 2429 527 2493 quae
555 2409 583 2473 si
611 2410 706 2493 queri
731 2409 833 2472 velim
855 2409 1044 2492 praeterita,
1068 2407 1152 2470 nihil

113 2535 209 2599 agam,
226 2514 291 2578 nisi
308 2521 348 2577 ut
363 2534 502 2600 augeam
519 2513 668 2577 dolorem
687 2519 795 2589 tuum,
813 2512 957 2577 indicem
974 2512 1154 2576 stultitiam
1177 2526 1208 2572 so

114 2639 220 2681 meam.
278 2617 371 2681 Illud
402 2617 539 2702 quidem
577 2639 638 2682 nec
677 2615 870 2681 faciendum
909 2607 961 2682 dst
991 2638 1051 2680 nec
1082 2616 1152 2680 fieri

116 2730 226 2804 potest,
249 2744 301 2787 me
325 2721 464 2798 diutius,
488 2743 588 2807 quam
611 2729 671 2785 aut
693 2729 790 2785 tuum
814 2730 946 2806 tempus
969 2729 1029 2785 aut
1060 2721 1153 2784 firma

117 2846 182 2909 spes
207 2825 401 2910 postulabit,
418 2827 453 2888 in
477 2831 545 2889 tam
573 2827 692 2890 misera
715 2833 851 2909 tamque
875 2826 965 2909 turpi
983 2826 1053 2890 vita
1070 2845 1155 2889 corn-

36 2990 37 3009 ]
118 2931 233 3006 morari,
262 2937 312 3005 ut,
341 2931 400 3014 qui
429 2929 528 2994 modo
555 2929 657 2994 fratre
691 2928 823 3006 fuerim,
853 2929 975 3006 11110110,
1000 2931 1153 3016 coniuge,

36 3038 37 3077 1
119 3035 220 3117 copiis,
251 3055 373 3120 genere
405 3034 477 3119 ipso
515 3035 676 3118 pecuniae
717 3032 939 3110 beatissimus,
979 3033 1208 3120 dignitatatis

36 3180 37 3218 ,
119 3139 314 3215 01010111010,
331 3139 588 3214 existimatione,
602 3140 711 3224 gratia
727 3159 794 3202 non
810 3137 959 3214 inferior,
977 3159 1078 3223 quarn
1094 3139 1154 3223 qui

83 3321 86 3326 ἴ
120 3261 266 3327 umquam
281 3242 423 3307 fuerunt
438 3243 644 3325 amplissimi,
662 3243 689 3305 is
707 3263 796 3306 nunc
813 3243 848 3305 in
865 3242 925 3306 hac
946 3250 1014 3306 tarn
1031 3242 1154 3308 afflicta

121 3346 303 3432 perditaque
321 3345 456 3410 fortuna
474 3367 582 3430 neque
599 3367 651 3410 me
670 3367 778 3430 neque
792 3366 882 3410 meos
896 3347 1010 3431 lugere
1025 3346 1154 3410 diutius

121 3453 240 3531 possim.
287 3449 400 3530 Quare
417 3450 499 3535 quid
515 3449 558 3513 ad
574 3472 626 3514 me
642 3450 806 3533 scripsisti
825 3448 866 3514 de
883 3450 1152 3534 permutatione?
1171 3452 1188 3515 7

123 3556 204 3636 quasi
220 3577 298 3620 vero
314 3576 404 3618 nunc
421 3575 471 3618 me
488 3576 554 3618 non
572 3561 649 3618 tuae
667 3553 847 3618 facultates
873 3556 1071 3631 sustineant,
1089 3575 1155 3640 qua
1178 3573 1208 3618 ao

123 3655 151 3718 in
164 3679 195 3722 10
210 3660 281 3742 ipsa
295 3657 393 3722 video
410 3659 509 3722 miser
524 3665 559 3722 et
574 3659 684 3721 sentio
701 3651 784 3742 quid
801 3659 934 3723 sceleris
953 3658 1153 3734 admiserim,

125 3780 188 3823 cum
203 3762 242 3826 de
257 3762 439 3826 visceribus
457 3764 523 3826 tuis
540 3770 574 3826 et
596 3762 656 3825 filii
680 3763 730 3824 tui
756 3760 990 3828 satisfacturus
1013 3765 1058 3827 sis
1082 3765 1153 3848 qui-

126 3860 177 3928 bus
203 3865 310 3944 debes,
341 3888 404 3954 ego
434 3874 604 3950 acceptam
636 3888 677 3929 ex
717 3867 842 3930 aerario
881 3867 1056 3952 pecuniam
1093 3874 1153 3942 tuo
