2800 4367
485 342 565 392 cnr.
589 343 662 403 aro,
687 341 806 404 §25-31.
1159 329 1222 394 109

96 511 281 578 beneficio
310 513 442 576 nullum
469 511 505 573 in
532 533 585 576 me
610 511 721 596 ipsum
746 511 935 596 perieulum
963 511 1169 578 redundarit.

100 617 267 692 Etenim,
291 617 328 679 in
354 637 422 700 qua
445 615 582 679 civitate
609 636 662 679 res
688 623 801 680 tantas
827 617 997 702 gesserim,
1023 619 1221 694 memini,28

101 721 145 783 in
183 741 255 805 qua
284 719 365 783 urbe
395 740 517 795 verser,
549 719 721 805 intellego.
784 718 929 784 Plenum
968 718 1079 783 forum
1118 729 1222 785 estse

101 845 237 888 eorum
257 823 442 899 hominum,
458 844 544 907 quos
566 844 629 909 ego
651 843 672 886 a
687 823 810 887 vestris
832 823 1018 888 cervicibus
1042 823 1168 908 depuli,

105 927 258 1004 iudices,
281 948 302 991 a
324 927 406 991 meis
430 947 505 990 nou·
521 927 657 990 removi.
705 926 780 990 Nisi
807 949 886 992 vero
914 949 1036 1012 paucos
1065 927 1168 994 fuisse

105 1032 337 1108 arbitramini,
354 1033 414 1117 qui
441 1033 553 1095 eonari
577 1041 640 1096 aut
663 1053 798 1116 sperare
824 1041 960 1116 possent
983 1055 1018 1098 se
1036 1041 1168 1098 tantum

108 1137 296 1221 imperium
322 1157 418 1221 posse
443 1134 565 1200 delere.
613 1135 745 1201 Horum
770 1158 833 1223 ego
858 1135 948 1201 faces
973 1138 1101 1221 eripere
1126 1137 1166 1202 de

110 1240 273 1305 manibus
303 1247 339 1306 et
366 1239 496 1327 gladios
521 1248 722 1325 extorquere
750 1241 856 1325 potui,
884 1241 985 1306 sieuti
1010 1239 1085 1317 feei,
1114 1263 1169 1306 vo·
1190 1258 1220 1303 35

108 1341 268 1408 luntates
298 1365 378 1409 vero
408 1344 652 1408 consceleratas
688 1366 727 1409 ae
765 1343 909 1420 nefarias
948 1366 1009 1410 nee
1047 1366 1163 1410 sanare

109 1448 214 1532 potui
244 1469 307 1512 nee
337 1447 466 1512 tollere.
513 1447 626 1526 Quare
656 1469 725 1512 non
756 1470 831 1513 sum
862 1449 1006 1524 nescius,
1038 1457 1167 1532 quanto
1209 1471 1211 1476 ’

110 1552 266 1637 periculo
281 1553 395 1616 vivam
411 1553 445 1615 in
469 1559 566 1616 tanta
589 1552 809 1618 multitudiue
834 1552 1072 1637 improborum,
1088 1575 1167 1618 eum

111 1656 199 1720 mihi
230 1657 289 1720 uni
327 1678 404 1721 oum
434 1655 590 1721 omnibus
627 1656 787 1741 improbis
824 1664 1000 1722 aeternum
1032 1655 1166 1722 videam
1189 1673 1219 1720 35

110 1759 244 1824 bellum
273 1767 469 1845 susceptum
498 1781 582 1824 esse.
628 1777 665 1823 x.
697 1759 830 1839 Quodsi
861 1760 931 1825 illis
950 1760 1043 1825 rmeis
1075 1765 1217 1846 prae-29

111 1863 211 1928 sidiis
235 1863 322 1928 forte
346 1863 490 1940 invides,
506 1870 542 1928 et
567 1863 597 1928 si
622 1885 661 1928 ea
687 1863 749 1928 tibi
774 1865 866 1950 regia
888 1863 1056 1942 videntur,
1074 1865 1166 1950 quod

112 1990 232 2033 omnes
262 1967 341 2032 boni
370 1969 521 2032 omnium
550 1990 714 2055 generum
744 1976 847 2053 atque
878 1967 1034 2032 ordinum
1071 1991 1166 2034 suam

112 2074 261 2138 salutem
300 2093 377 2137 eum
414 2093 489 2137 mea
526 2072 749 2158 coniungunt,
788 2073 958 2137 consolare
998 2080 1041 2149 te,
1073 2073 1165 2159 quod

113 2179 265 2241 omnium
293 2184 422 2242 mentes
452 2176 679 2262 improborum
707 2177 789 2240 mihi
819 2178 880 2240 uni
910 2178 1054 2242 maxime
1085 2186 1166 2243 sunt
1201 2194 1216 2240 5

113 2280 267 2346 infensae
292 2288 327 2345 et
350 2280 532 2357 adversae3
556 2282 617 2366 qui
641 2303 694 2346 me
722 2303 789 2345 non
815 2281 926 2346 solum
952 2281 1075 2346 ideireo
1091 2281 1165 2347 ode·

114 2393 206 2461 runt,
237 2385 329 2470 quod
359 2407 475 2450 eorum
506 2393 647 2451 conatus
677 2387 798 2470 impios
828 2394 864 2450 et
901 2384 1048 2450 furorem
1086 2408 1162 2451 eon-

65 2477 73 2490 ’
114 2490 315 2554 sceleratum
331 2490 483 2573 repressi,
499 2488 560 2554 sed
575 2511 615 2554 eo
631 2491 732 2554 etiam
750 2491 866 2576 magis,
883 2489 975 2574 quod
993 2490 1078 2553 nihil
1094 2491 1160 2554 iam

114 2616 151 2658 se
175 2593 282 2657 simile
308 2614 359 2657 me
385 2593 464 2657 vivo
489 2595 602 2657 conari
627 2615 724 2677 posse
749 2592 964 2658 arbitrantur.
1011 2594 1061 2658 At
1083 2617 1162 2659 vero
1175 2599 1215 2661 30

116 2697 199 2783 quid
222 2719 285 2784 ego
310 2699 419 2773 mirer,
444 2699 473 2762 si
500 2697 584 2783 quid
610 2698 653 2764 ab
676 2698 836 2782 improbis
863 2698 904 2764 de
936 2721 988 2765 me
1015 2699 1163 2785 improbe
1186 2716 1216 2761 10

116 2802 248 2879 dieitur,
273 2823 350 2866 eum
381 2801 419 2865 L.
446 2802 640 2886 Torquatus
670 2804 817 2887 primurn
847 2803 899 2868 his
930 2803 1159 2868 fundamentis

117 2908 185 2991 ipse
208 2904 456 2971 adulescentiae
475 2905 582 2983 iactis,
598 2928 637 2971 ea
659 2928 718 2991 spe
744 2912 913 2992 proposita
938 2908 1160 2992 amplissimae

118 3010 299 3097 dignitatis,
316 3008 436 3074 deinde
461 3008 498 3072 L.
516 3009 691 3094 Torquati,
716 3009 888 3075 fortissimi
912 3012 1069 3089 consulis,
1086 3034 1162 3077 eon-

118 3114 312 3179 stantissimi
336 3113 510 3189 senatoris,
526 3134 657 3199 semper
681 3115 800 3200 optimi
825 3116 918 3192 eiviS,
944 3116 1042 3192 filius,
1062 3118 1162 3181 inter·

120 3219 195 3282 dum
225 3216 387 3282 efferatur
423 3216 687 3284 inmoderatione
726 3218 929 3284 verborum?
985 3219 1054 3299 Qui
1085 3243 1162 3286 oum
1185 3237 1214 3282 15

120 3343 290 3406 suppressa
316 3343 398 3387 voee
425 3321 466 3386 de
492 3323 615 3387 scelere
640 3323 678 3386 P.
696 3322 844 3399 Lentuli,
862 3322 902 3388 de
926 3323 1064 3388 audacia
1086 3347 1161 3390 oon·

120 3428 298 3490 iuratorum
322 3428 474 3490 omnium
497 3425 649 3503 dixisset,
666 3434 800 3492 tantum
827 3426 925 3492 modo
952 3437 992 3492 ut
1014 3451 1084 3506 vos,
1101 3431 1160 3515 qui

121 3553 156 3595 ea
170 3530 325 3616 probatis,
342 3528 502 3594 exaudire
526 3531 678 3614 possetis,
699 3530 741 3594 de
765 3532 941 3616 supplicio,
965 3531 1006 3596 de
1031 3554 1159 3597 earcere

122 3655 235 3720 magna
260 3641 296 3698 et
321 3633 533 3719 queribunda
556 3655 637 3698 voee
666 3633 809 3699 dicebat.
857 3635 896 3698 ln
924 3657 993 3720 quo
1019 3638 1164 3720 primum
1176 3640 1212 3701 31

122 3736 201 3802 illud
215 3746 288 3802 erat
302 3737 495 3814 absurdum,
510 3737 699 3823 quodcum
716 3760 765 3815 ea,
782 3760 867 3823 quae
883 3741 1004 3805 leviter
1019 3739 1160 3816 dixerat,
1184 3752 1214 3797 20

123 3838 208 3904 vobis
230 3839 368 3924 probare
386 3838 530 3915 volebat,
547 3860 603 3904 eos
626 3846 750 3915 autem,
767 3841 825 3924 qui
849 3841 974 3904 circum
997 3841 1160 3911 iudicium
