<?xml version="1.0" encoding="UTF-8"?>
<!DOCTYPE html PUBLIC "-//W3C//DTD XHTML 1.0 Transitional//EN"
    "http://www.w3.org/TR/xhtml1/DTD/xhtml1-transitional.dtd">
<html xmlns="http://www.w3.org/1999/xhtml" xml:lang="en" lang="en">
 <head>
  <title>
</title>
<meta http-equiv="Content-Type" content="text/html;charset=utf-8" />
  <meta name='ocr-system' content='tesseract 3.04.00' />
  <meta name='ocr-capabilities' content='ocr_page ocr_carea ocr_par ocr_line ocrx_word'/>
</head>
<body>
  <div class='ocr_page' id='page_1' title='image "./selectedoration01cicegoog_0316.png"; bbox 0 0 2800 4367; ppageno 0'>
   <div class='ocr_carea' id='block_1_1' title="bbox 189 314 1205 390">
    <p class='ocr_par' dir='ltr' id='par_1_1' title="bbox 189 314 1205 390">
     <span class='ocr_line' id='line_1_1' title="bbox 189 314 1205 390; baseline 0 -9"><span class='ocrx_word' id='word_1_1' title='bbox 189 314 254 382; x_wconf 78' lang='lat'>314</span> <span class='ocrx_word' id='word_1_2' title='bbox 318 331 368 380; x_wconf 84' lang='lat' dir='ltr'>uu</span> <span class='ocrx_word' id='word_1_3' title='bbox 385 330 541 380; x_wconf 71' lang='lat' dir='ltr'>mamus</span> <span class='ocrx_word' id='word_1_4' title='bbox 559 329 616 379; x_wconf 80' lang='lat' dir='ltr'>cu,</span> <span class='ocrx_word' id='word_1_5' title='bbox 636 329 777 379; x_wconf 77' lang='lat' dir='ltr'>Poueui</span> <span class='ocrx_word' id='word_1_6' title='bbox 794 329 846 378; x_wconf 77' lang='lat' dir='ltr'>au</span> <span class='ocrx_word' id='word_1_7' title='bbox 863 329 1039 390; x_wconf 78' lang='lat' dir='ltr'>Quuuuus</span> <span class='ocrx_word' id='word_1_8' title='bbox 1055 327 1205 381; x_wconf 74' lang='lat' dir='ltr'>cauma.</span> 
     </span>
    </p>
   </div>
   <div class='ocr_carea' id='block_1_2' title="bbox 187 478 1374 2149">
    <p class='ocr_par' dir='ltr' id='par_1_2' title="bbox 187 478 1374 2149">
     <span class='ocr_line' id='line_1_2' title="bbox 241 478 1307 586; baseline -0.002 -20"><span class='ocrx_word' id='word_1_9' title='bbox 241 503 316 567; x_wconf 88' lang='lat' dir='ltr'>loco</span> <span class='ocrx_word' id='word_1_10' title='bbox 332 502 523 586; x_wconf 88' lang='lat' dir='ltr'>temploque</span> <span class='ocrx_word' id='word_1_11' title='bbox 540 500 740 586; x_wconf 84' lang='lat' dir='ltr'>praesident,</span> <span class='ocrx_word' id='word_1_12' title='bbox 758 502 818 585; x_wconf 94' lang='lat' dir='ltr'>qui</span> <span class='ocrx_word' id='word_1_13' title='bbox 834 501 983 565; x_wconf 92' lang='lat' dir='ltr'>omnium</span> <span class='ocrx_word' id='word_1_14' title='bbox 1007 478 1134 566; x_wconf 71' lang='lat' dir='ltr'>mentes</span> <span class='ocrx_word' id='word_1_15' title='bbox 1159 523 1307 577; x_wconf 88' lang='lat' dir='ltr'>eorum,</span> 
     </span>
     <span class='ocr_line' id='line_1_3' title="bbox 199 604 1308 691; baseline 0 -21"><span class='ocrx_word' id='word_1_16' title='bbox 199 685 201 688; x_wconf 9' lang='grc' dir='ltr'><em>Α</em></span> <span class='ocrx_word' id='word_1_17' title='bbox 241 608 302 691; x_wconf 95' lang='lat' dir='ltr'>qui</span> <span class='ocrx_word' id='word_1_18' title='bbox 324 606 367 670; x_wconf 90' lang='lat' dir='ltr'>ad</span> <span class='ocrx_word' id='word_1_19' title='bbox 390 628 460 670; x_wconf 91' lang='lat' dir='ltr'>rem</span> <span class='ocrx_word' id='word_1_20' title='bbox 483 605 650 690; x_wconf 83' lang='lat' dir='ltr'>publicam</span> <span class='ocrx_word' id='word_1_21' title='bbox 673 604 809 681; x_wconf 88' lang='lat' dir='ltr'>adeunt,</span> <span class='ocrx_word' id='word_1_22' title='bbox 835 606 977 669; x_wconf 83' lang='lat' dir='ltr'><strong>maxime</strong></span> <span class='ocrx_word' id='word_1_23' title='bbox 1001 607 1219 690; x_wconf 81' lang='lat' dir='ltr'>perspiciunt,</span> <span class='ocrx_word' id='word_1_24' title='bbox 1237 627 1308 670; x_wconf 86' lang='lat' dir='ltr'>me</span> 
     </span>
     <span class='ocr_line' id='line_1_4' title="bbox 243 708 1304 795; baseline -0.002 -22"><span class='ocrx_word' id='word_1_25' title='bbox 243 711 305 774; x_wconf 91' lang='lat' dir='ltr'>hoc</span> <span class='ocrx_word' id='word_1_26' title='bbox 333 731 442 794; x_wconf 89' lang='lat' dir='ltr'>neque</span> <span class='ocrx_word' id='word_1_27' title='bbox 478 716 598 795; x_wconf 86' lang='lat' dir='ltr'>rogatu</span> <span class='ocrx_word' id='word_1_28' title='bbox 621 708 730 774; x_wconf 82' lang='lat' dir='ltr'>iacere</span> <span class='ocrx_word' id='word_1_29' title='bbox 758 709 966 793; x_wconf 87' lang='lat' dir='ltr'>cuiusquam,</span> <span class='ocrx_word' id='word_1_30' title='bbox 992 731 1101 793; x_wconf 90' lang='lat' dir='ltr'>neque</span> <span class='ocrx_word' id='word_1_31' title='bbox 1127 731 1195 794; x_wconf 92' lang='lat' dir='ltr'>quo</span> <span class='ocrx_word' id='word_1_32' title='bbox 1224 709 1304 774; x_wconf 88' lang='lat' dir='ltr'>Cn.</span> 
     </span>
     <span class='ocr_line' id='line_1_5' title="bbox 243 813 1303 900; baseline -0.001 -23"><span class='ocrx_word' id='word_1_33' title='bbox 243 814 382 899; x_wconf 86' lang='lat' dir='ltr'>Pompei</span> <span class='ocrx_word' id='word_1_34' title='bbox 393 814 534 900; x_wconf 82' lang='lat' dir='ltr'>giatiam</span> <span class='ocrx_word' id='word_1_35' title='bbox 550 813 632 875; x_wconf 91' lang='lat' dir='ltr'>mihi</span> <span class='ocrx_word' id='word_1_36' title='bbox 647 813 806 897; x_wconf 78' lang='lat' dir='ltr'>perhanc</span> <span class='ocrx_word' id='word_1_37' title='bbox 822 834 955 876; x_wconf 90' lang='lat' dir='ltr'>causam</span> <span class='ocrx_word' id='word_1_38' title='bbox 973 813 1144 877; x_wconf 91' lang='lat' dir='ltr'>conciliari</span> <span class='ocrx_word' id='word_1_39' title='bbox 1159 821 1303 898; x_wconf 84' lang='lat' dir='ltr'>putem,</span> 
     </span>
     <span class='ocr_line' id='line_1_6' title="bbox 187 916 1304 1003; baseline 0.001 -22"><span class='ocrx_word' id='word_1_40' title='bbox 187 936 218 981; x_wconf 81' lang='lat'>20</span> <span class='ocrx_word' id='word_1_41' title='bbox 239 941 348 1003; x_wconf 89' lang='lat' dir='ltr'>neque</span> <span class='ocrx_word' id='word_1_42' title='bbox 365 940 433 1002; x_wconf 91' lang='lat' dir='ltr'>quo</span> <span class='ocrx_word' id='word_1_43' title='bbox 449 917 532 981; x_wconf 86' lang='lat' dir='ltr'>mihi</span> <span class='ocrx_word' id='word_1_44' title='bbox 547 939 590 982; x_wconf 85' lang='lat' dir='ltr'>ex</span> <span class='ocrx_word' id='word_1_45' title='bbox 607 918 781 1002; x_wconf 88' lang='lat' dir='ltr'>cuisquam</span> <span class='ocrx_word' id='word_1_46' title='bbox 799 916 1020 1001; x_wconf 84' lang='lat' dir='ltr'>amplitudine</span> <span class='ocrx_word' id='word_1_47' title='bbox 1038 925 1099 982; x_wconf 87' lang='lat' dir='ltr'>aut</span> <span class='ocrx_word' id='word_1_48' title='bbox 1123 918 1304 1002; x_wconf 86' lang='lat' dir='ltr'>praesidia</span> 
     </span>
     <span class='ocr_line' id='line_1_7' title="bbox 242 1021 1302 1108; baseline -0.002 -20"><span class='ocrx_word' id='word_1_49' title='bbox 242 1024 401 1108; x_wconf 90' lang='lat' dir='ltr'>periculis</span> <span class='ocrx_word' id='word_1_50' title='bbox 416 1030 477 1086; x_wconf 86' lang='lat' dir='ltr'>aut</span> <span class='ocrx_word' id='word_1_51' title='bbox 492 1021 686 1086; x_wconf 85' lang='lat' dir='ltr'>adiumenta</span> <span class='ocrx_word' id='word_1_52' title='bbox 712 1021 894 1085; x_wconf 86' lang='lat' dir='ltr'>honoribus</span> <span class='ocrx_word' id='word_1_53' title='bbox 920 1035 1087 1105; x_wconf 83' lang='lat' dir='ltr'>quaeram,</span> <span class='ocrx_word' id='word_1_54' title='bbox 1111 1031 1302 1106; x_wconf 81' lang='lat' dir='ltr'>prepterea</span> 
     </span>
     <span class='ocr_line' id='line_1_8' title="bbox 241 1125 1302 1212; baseline -0.002 -21"><span class='ocrx_word' id='word_1_55' title='bbox 241 1127 335 1212; x_wconf 92' lang='lat' dir='ltr'>quod</span> <span class='ocrx_word' id='word_1_56' title='bbox 349 1127 498 1212; x_wconf 90' lang='lat' dir='ltr'>pericula</span> <span class='ocrx_word' id='word_1_57' title='bbox 521 1125 630 1202; x_wconf 80' lang='lat' dir='ltr'>facile,</span> <span class='ocrx_word' id='word_1_58' title='bbox 647 1132 688 1188; x_wconf 91' lang='lat' dir='ltr'>ut</span> <span class='ocrx_word' id='word_1_59' title='bbox 702 1126 871 1189; x_wconf 86' lang='lat' dir='ltr'>homiuem</span> <span class='ocrx_word' id='word_1_60' title='bbox 889 1132 1055 1210; x_wconf 83' lang='lat' dir='ltr'>praestare</span> <span class='ocrx_word' id='word_1_61' title='bbox 1082 1133 1223 1210; x_wconf 88' lang='lat' dir='ltr'>eportet,</span> <span class='ocrx_word' id='word_1_62' title='bbox 1241 1127 1302 1190; x_wconf 90' lang='lat' dir='ltr'>in-</span> 
     </span>
     <span class='ocr_line' id='line_1_9' title="bbox 240 1228 1298 1314; baseline -0.004 -18"><span class='ocrx_word' id='word_1_63' title='bbox 240 1232 394 1296; x_wconf 89' lang='lat' dir='ltr'>nocentia</span> <span class='ocrx_word' id='word_1_64' title='bbox 410 1231 492 1294; x_wconf 91' lang='lat' dir='ltr'>tecti</span> <span class='ocrx_word' id='word_1_65' title='bbox 507 1229 718 1314; x_wconf 85' lang='lat' dir='ltr'>repellemus,</span> <span class='ocrx_word' id='word_1_66' title='bbox 735 1229 895 1293; x_wconf 83' lang='lat' dir='ltr'>honorem</span> <span class='ocrx_word' id='word_1_67' title='bbox 910 1236 1024 1292; x_wconf 87' lang='lat' dir='ltr'>autem</span> <span class='ocrx_word' id='word_1_68' title='bbox 1037 1250 1145 1313; x_wconf 87' lang='lat' dir='ltr'>neque</span> <span class='ocrx_word' id='word_1_69' title='bbox 1161 1228 1202 1293; x_wconf 89' lang='lat' dir='ltr'>ab</span> <span class='ocrx_word' id='word_1_70' title='bbox 1220 1251 1298 1293; x_wconf 90' lang='lat' dir='ltr'>uno</span> 
     </span>
     <span class='ocr_line' id='line_1_10' title="bbox 240 1332 1299 1420; baseline -0.004 -20"><span class='ocrx_word' id='word_1_71' title='bbox 240 1345 350 1420; x_wconf 85' lang='lat' dir='ltr'>n&#39;eque</span> <span class='ocrx_word' id='word_1_72' title='bbox 367 1357 409 1399; x_wconf 85' lang='lat' dir='ltr'>ex</span> <span class='ocrx_word' id='word_1_73' title='bbox 425 1334 486 1399; x_wconf 92' lang='lat' dir='ltr'>hoc</span> <span class='ocrx_word' id='word_1_74' title='bbox 503 1335 587 1410; x_wconf 88' lang='lat' dir='ltr'>loco,</span> <span class='ocrx_word' id='word_1_75' title='bbox 604 1333 663 1397; x_wconf 90' lang='lat' dir='ltr'>sed</span> <span class='ocrx_word' id='word_1_76' title='bbox 679 1332 796 1397; x_wconf 91' lang='lat' dir='ltr'>eadem</span> <span class='ocrx_word' id='word_1_77' title='bbox 822 1333 880 1396; x_wconf 90' lang='lat' dir='ltr'>illa</span> <span class='ocrx_word' id='word_1_78' title='bbox 896 1340 1009 1397; x_wconf 84' lang='lat' dir='ltr'>nostra</span> <span class='ocrx_word' id='word_1_79' title='bbox 1032 1333 1299 1398; x_wconf 84' lang='lat' dir='ltr'>laboriosissima</span> 
     </span>
     <span class='ocr_line' id='line_1_11' title="bbox 187 1436 1294 1521; baseline -0.003 -18"><span class='ocrx_word' id='word_1_80' title='bbox 187 1459 216 1503; x_wconf 81' lang='lat'>25</span> <span class='ocrx_word' id='word_1_81' title='bbox 238 1443 365 1505; x_wconf 68' lang='lat' dir='ltr'>catione</span> <span class='ocrx_word' id='word_1_82' title='bbox 397 1440 497 1515; x_wconf 85' lang='lat' dir='ltr'>vitae,</span> <span class='ocrx_word' id='word_1_83' title='bbox 522 1439 552 1502; x_wconf 91' lang='lat' dir='ltr'>si</span> <span class='ocrx_word' id='word_1_84' title='bbox 578 1445 688 1502; x_wconf 79' lang='lat' dir='ltr'>vestra</span> <span class='ocrx_word' id='word_1_85' title='bbox 720 1437 875 1501; x_wconf 89' lang='lat' dir='ltr'>veluntas</span> <span class='ocrx_word' id='word_1_86' title='bbox 907 1436 1002 1514; x_wconf 85' lang='lat' dir='ltr'>feret,</span> <span class='ocrx_word' id='word_1_87' title='bbox 1031 1459 1294 1521; x_wconf 80' lang='lat' dir='ltr'>consequemur.</span> 
     </span>
     <span class='ocr_line' id='line_1_12' title="bbox 188 1540 1293 1626; baseline -0.002 -17"><span class='ocrx_word' id='word_1_88' title='bbox 188 1549 224 1609; x_wconf 79' lang='lat'>71</span> <span class='ocrx_word' id='word_1_89' title='bbox 240 1544 351 1623; x_wconf 78' lang='lat' dir='ltr'>Quam</span> <span class='ocrx_word' id='word_1_90' title='bbox 368 1543 500 1618; x_wconf 81' lang='lat' dir='ltr'>obrem,</span> <span class='ocrx_word' id='word_1_91' title='bbox 512 1540 677 1626; x_wconf 89' lang='lat' dir='ltr'>quicquid</span> <span class='ocrx_word' id='word_1_92' title='bbox 693 1542 728 1603; x_wconf 89' lang='lat' dir='ltr'>iu</span> <span class='ocrx_word' id='word_1_93' title='bbox 740 1541 801 1605; x_wconf 90' lang='lat' dir='ltr'>hac</span> <span class='ocrx_word' id='word_1_94' title='bbox 812 1562 912 1606; x_wconf 89' lang='lat' dir='ltr'>causa</span> <span class='ocrx_word' id='word_1_95' title='bbox 924 1542 1005 1604; x_wconf 91' lang='lat' dir='ltr'>mihi</span> <span class='ocrx_word' id='word_1_96' title='bbox 1017 1549 1213 1626; x_wconf 87' lang='lat' dir='ltr'>susceptum</span> <span class='ocrx_word' id='word_1_97' title='bbox 1225 1550 1293 1620; x_wconf 90' lang='lat' dir='ltr'>est,</span> 
     </span>
     <span class='ocr_line' id='line_1_13' title="bbox 242 1645 1291 1732; baseline 0 -21"><span class='ocrx_word' id='word_1_98' title='bbox 242 1647 402 1726; x_wconf 62' lang='lat' dir='ltr'>Quirites</span> <span class='ocrx_word' id='word_1_99' title='bbox 420 1646 455 1710; x_wconf 91' lang='lat' dir='ltr'>id</span> <span class='ocrx_word' id='word_1_100' title='bbox 470 1668 533 1732; x_wconf 86' lang='lat' dir='ltr'>ego</span> <span class='ocrx_word' id='word_1_101' title='bbox 550 1667 647 1710; x_wconf 92' lang='lat' dir='ltr'>omne</span> <span class='ocrx_word' id='word_1_102' title='bbox 665 1667 717 1709; x_wconf 92' lang='lat' dir='ltr'>me</span> <span class='ocrx_word' id='word_1_103' title='bbox 734 1645 781 1709; x_wconf 92' lang='lat' dir='ltr'>rei</span> <span class='ocrx_word' id='word_1_104' title='bbox 798 1645 951 1729; x_wconf 87' lang='lat' dir='ltr'>publicae</span> <span class='ocrx_word' id='word_1_105' title='bbox 977 1667 1076 1711; x_wconf 90' lang='lat' dir='ltr'>causa</span> <span class='ocrx_word' id='word_1_106' title='bbox 1100 1647 1291 1731; x_wconf 83' lang='lat' dir='ltr'>suscepisse</span> 
     </span>
     <span class='ocr_line' id='line_1_14' title="bbox 241 1745 1293 1836; baseline -0.002 -20"><span class='ocrx_word' id='word_1_107' title='bbox 241 1753 409 1828; x_wconf 86' lang='lat' dir='ltr'>confirmo,</span> <span class='ocrx_word' id='word_1_108' title='bbox 424 1758 623 1835; x_wconf 86' lang='lat' dir='ltr'>tantumque</span> <span class='ocrx_word' id='word_1_109' title='bbox 636 1749 739 1827; x_wconf 89' lang='lat' dir='ltr'>abest,</span> <span class='ocrx_word' id='word_1_110' title='bbox 757 1758 797 1814; x_wconf 89' lang='lat' dir='ltr'>ut</span> <span class='ocrx_word' id='word_1_111' title='bbox 812 1745 959 1836; x_wconf 84' lang='lat' dir='ltr'>aliquam</span> <span class='ocrx_word' id='word_1_112' title='bbox 978 1750 1060 1813; x_wconf 91' lang='lat' dir='ltr'>mihi</span> <span class='ocrx_word' id='word_1_113' title='bbox 1077 1750 1198 1814; x_wconf 86' lang='lat' dir='ltr'>bonam</span> <span class='ocrx_word' id='word_1_114' title='bbox 1213 1773 1293 1836; x_wconf 88' lang='lat' dir='ltr'>gra-</span> 
     </span>
     <span class='ocr_line' id='line_1_15' title="bbox 241 1854 1289 1940; baseline -0.001 -20"><span class='ocrx_word' id='word_1_115' title='bbox 241 1858 322 1920; x_wconf 88' lang='lat' dir='ltr'>tiam</span> <span class='ocrx_word' id='word_1_116' title='bbox 348 1857 518 1940; x_wconf 83' lang='lat' dir='ltr'>quaesisse</span> <span class='ocrx_word' id='word_1_117' title='bbox 537 1854 661 1932; x_wconf 86' lang='lat' dir='ltr'>videar,</span> <span class='ocrx_word' id='word_1_118' title='bbox 679 1861 720 1918; x_wconf 89' lang='lat' dir='ltr'>ut</span> <span class='ocrx_word' id='word_1_119' title='bbox 735 1854 859 1917; x_wconf 87' lang='lat' dir='ltr'>multas</span> <span class='ocrx_word' id='word_1_120' title='bbox 887 1875 938 1917; x_wconf 93' lang='lat' dir='ltr'>me</span> <span class='ocrx_word' id='word_1_121' title='bbox 967 1854 1067 1918; x_wconf 87' lang='lat' dir='ltr'>etiam</span> <span class='ocrx_word' id='word_1_122' title='bbox 1095 1854 1289 1919; x_wconf 77' lang='lat' dir='ltr'>simultates</span> 
     </span>
     <span class='ocr_line' id='line_1_16' title="bbox 187 1957 1287 2053; baseline 0.001 -33"><span class='ocrx_word' id='word_1_123' title='bbox 187 1976 216 2020; x_wconf 81' lang='lat' dir='ltr'>ae</span> <span class='ocrx_word' id='word_1_124' title='bbox 238 1962 360 2046; x_wconf 89' lang='lat' dir='ltr'>partim</span> <span class='ocrx_word' id='word_1_125' title='bbox 388 1961 554 2036; x_wconf 81' lang='lat' dir='ltr'>obscurae,</span> <span class='ocrx_word' id='word_1_126' title='bbox 582 1960 705 2044; x_wconf 82' lang='lat' dir='ltr'>paitim</span> <span class='ocrx_word' id='word_1_127' title='bbox 733 1966 864 2043; x_wconf 88' lang='lat' dir='ltr'>apertas</span> <span class='ocrx_word' id='word_1_128' title='bbox 890 1957 1085 2044; x_wconf 77' lang='lat' dir='ltr'>intellegam</span> <span class='ocrx_word' id='word_1_129' title='bbox 1112 1957 1194 2053; x_wconf 74' lang='lat' dir='ltr'>mihi</span> <span class='ocrx_word' id='word_1_130' title='bbox 1217 1980 1287 2024; x_wconf 85' lang='lat' dir='ltr'>non</span> 
     </span>
     <span class='ocr_line' id='line_1_17' title="bbox 241 2051 1374 2149; baseline 0.001 -22"><span class='ocrx_word' id='word_1_131' title='bbox 241 2066 452 2141; x_wconf 58' lang='lat' dir='ltr'>necessariam</span> <span class='ocrx_word' id='word_1_132' title='bbox 472 2064 565 2129; x_wconf 88' lang='lat' dir='ltr'>vobis</span> <span class='ocrx_word' id='word_1_133' title='bbox 578 2065 648 2127; x_wconf 70' lang='lat' dir='ltr'>&#39;non</span> <span class='ocrx_word' id='word_1_134' title='bbox 668 2064 805 2128; x_wconf 89' lang='lat' dir='ltr'>inutiles</span> <span class='ocrx_word' id='word_1_135' title='bbox 822 2063 1018 2147; x_wconf 87' lang='lat' dir='ltr'>suscepisse.</span> <span class='ocrx_word' id='word_1_136' title='bbox 1066 2061 1133 2128; x_wconf 87' lang='lat' dir='ltr'>Sed</span> <span class='ocrx_word' id='word_1_137' title='bbox 1153 2085 1215 2149; x_wconf 86' lang='lat' dir='ltr'>ego</span> <span class='ocrx_word' id='word_1_138' title='bbox 1232 2085 1286 2128; x_wconf 88' lang='lat' dir='ltr'>me</span> <span class='ocrx_word' id='word_1_139' title='bbox 1373 2051 1374 2058; x_wconf 9' lang='grc' dir='ltr'>ἵ</span> 
     </span>
    </p>
   </div>
   <div class='ocr_carea' id='block_1_3' title="bbox 185 2166 1374 2563">
    <p class='ocr_par' dir='ltr' id='par_1_3' title="bbox 185 2166 1374 2563">
     <span class='ocr_line' id='line_1_18' title="bbox 240 2166 1286 2252; baseline -0.003 -19"><span class='ocrx_word' id='word_1_140' title='bbox 240 2169 303 2233; x_wconf 89' lang='lat' dir='ltr'>hoc</span> <span class='ocrx_word' id='word_1_141' title='bbox 319 2170 442 2233; x_wconf 85' lang='lat' dir='ltr'>honore</span> <span class='ocrx_word' id='word_1_142' title='bbox 459 2166 657 2252; x_wconf 82' lang='lat' dir='ltr'>praeditum,</span> <span class='ocrx_word' id='word_1_143' title='bbox 675 2168 777 2231; x_wconf 83' lang='lat' dir='ltr'>tantis</span> <span class='ocrx_word' id='word_1_144' title='bbox 794 2168 913 2232; x_wconf 88' lang='lat' dir='ltr'>vestris</span> <span class='ocrx_word' id='word_1_145' title='bbox 929 2166 1097 2232; x_wconf 87' lang='lat' dir='ltr'>beneficiis</span> <span class='ocrx_word' id='word_1_146' title='bbox 1113 2166 1286 2232; x_wconf 84' lang='lat' dir='ltr'>adfectum</span> 
     </span>
     <span class='ocr_line' id='line_1_19' title="bbox 240 2271 1284 2355; baseline -0.001 -18"><span class='ocrx_word' id='word_1_147' title='bbox 240 2275 356 2348; x_wconf 88' lang='lat' dir='ltr'>statui,</span> <span class='ocrx_word' id='word_1_148' title='bbox 385 2272 546 2351; x_wconf 67' lang='lat' dir='ltr'>Quirites</span> <span class='ocrx_word' id='word_1_149' title='bbox 574 2278 720 2334; x_wconf 83' lang='lat' dir='ltr'>vestram</span> <span class='ocrx_word' id='word_1_150' title='bbox 753 2272 961 2336; x_wconf 83' lang='lat' dir='ltr'>voluntatem</span> <span class='ocrx_word' id='word_1_151' title='bbox 993 2279 1028 2335; x_wconf 90' lang='lat' dir='ltr'>et</span> <span class='ocrx_word' id='word_1_152' title='bbox 1053 2272 1100 2334; x_wconf 90' lang='lat' dir='ltr'>rei</span> <span class='ocrx_word' id='word_1_153' title='bbox 1130 2271 1284 2355; x_wconf 86' lang='lat' dir='ltr'>publicae</span> 
     </span>
     <span class='ocr_line' id='line_1_20' title="bbox 241 2374 1283 2465; baseline -0.001 -25"><span class='ocrx_word' id='word_1_154' title='bbox 241 2377 440 2462; x_wconf 86' lang='lat' dir='ltr'>dignitatem</span> <span class='ocrx_word' id='word_1_155' title='bbox 468 2383 503 2454; x_wconf 88' lang='lat' dir='ltr'>et</span> <span class='ocrx_word' id='word_1_156' title='bbox 530 2374 675 2438; x_wconf 85' lang='lat' dir='ltr'>salutem</span> <span class='ocrx_word' id='word_1_157' title='bbox 707 2376 954 2459; x_wconf 83' lang='lat' dir='ltr'>provinciarum</span> <span class='ocrx_word' id='word_1_158' title='bbox 983 2381 1086 2459; x_wconf 89' lang='lat' dir='ltr'>atque</span> <span class='ocrx_word' id='word_1_159' title='bbox 1118 2376 1283 2465; x_wconf 82' lang='lat' dir='ltr'>socierum</span> 
     </span>
     <span class='ocr_line' id='line_1_21' title="bbox 185 2477 1374 2563; baseline 0.001 -21"><span class='ocrx_word' id='word_1_160' title='bbox 185 2497 214 2542; x_wconf 73' lang='lat' dir='ltr'>as</span> <span class='ocrx_word' id='word_1_161' title='bbox 236 2481 320 2544; x_wconf 90' lang='lat' dir='ltr'>meis</span> <span class='ocrx_word' id='word_1_162' title='bbox 343 2479 497 2544; x_wconf 91' lang='lat' dir='ltr'>omuibus</span> <span class='ocrx_word' id='word_1_163' title='bbox 528 2478 711 2543; x_wconf 86' lang='lat' dir='ltr'>commodis</span> <span class='ocrx_word' id='word_1_164' title='bbox 735 2487 771 2544; x_wconf 90' lang='lat' dir='ltr'>et</span> <span class='ocrx_word' id='word_1_165' title='bbox 794 2479 979 2544; x_wconf 83' lang='lat' dir='ltr'>rationibus</span> <span class='ocrx_word' id='word_1_166' title='bbox 1003 2477 1168 2562; x_wconf 81' lang='lat' dir='ltr'>praeferre</span> <span class='ocrx_word' id='word_1_167' title='bbox 1191 2501 1281 2563; x_wconf 87' lang='lat' dir='ltr'>opor·</span> <span class='ocrx_word' id='word_1_168' title='bbox 1373 2531 1374 2554; x_wconf 50' lang='lat'><em>2</em></span> 
     </span>
    </p>
   </div>
   <div class='ocr_carea' id='block_1_4' title="bbox 240 2593 321 2650">
    <p class='ocr_par' dir='ltr' id='par_1_4' title="bbox 240 2593 321 2650">
     <span class='ocr_line' id='line_1_22' title="bbox 240 2593 321 2650; baseline -0.049 0"><span class='ocrx_word' id='word_1_169' title='bbox 240 2593 321 2650; x_wconf 85' lang='lat' dir='ltr'>tere.</span> 
     </span>
    </p>
   </div>
   <div class='ocr_carea' id='block_1_5' title="bbox 0 0 1404 4367">
    <p class='ocr_par' dir='ltr' id='par_1_5' title="bbox 0 0 1404 4367">
     <span class='ocr_line' id='line_1_23' title="bbox 0 0 1404 4367; baseline 0 5"><span class='ocrx_word' id='word_1_170' title='bbox 0 0 1404 4367; x_wconf 95' lang='lat' dir='ltr'> </span> 
     </span>
    </p>
   </div>
  </div>
 </body>
</html>
