2800 4367
469 350 549 401 cnr.
576 352 664 412 rom,
689 353 704 413 s
726 352 813 401 24-29.
1157 343 1198 404 83

28 510 29 513 ¹
93 522 233 609 telleg0‚
261 544 362 608 quam
393 545 490 618 sperp
521 531 690 589 aeternam
720 524 802 601 fore,
833 532 1050 611 propagatam
1073 548 1145 591 esse

93 633 129 690 et
152 626 365 691 adsalutem
388 627 480 691 urbis
504 635 540 692 et
569 628 611 693 ad
636 630 829 693 memoriam
852 630 1046 694 consulatus
1069 631 1143 708 mei,

28 810 29 813 Ἴ
93 751 233 815 unoque
250 738 399 815 tempore
416 716 529 796 in'hac
552 754 586 797 re
610 732 745 816 publica
768 732 852 797 duos
876 734 959 797 civis
983 735 1143 810 extitisse,

93 820 242 918 quorum
257 835 344 899 alter
366 835 441 899 finis
464 837 570 901 vestri
593 837 723 921 imperii
747 859 815 901 non
839 845 956 914 terrae,
979 824 1042 902 sed
1062 839 1145 902 caeli
1170 853 1198 897 15

28 972 30 977 .
92 938 289 1025 regionibus
327 940 532 1017 terminaret,
571 941 656 1005 alter
685 940 836 1006 eiusdem
875 943 1004 1025 imperii
1044 941 1145 1005 domi·

92 1043 213 1105 cilium
244 1042 408 1129 sedesque
439 1052 597 1110 servaret.
644 1063 711 1108 xri.
740 1044 806 1109 Sed
837 1045 995 1129 quoniam
1027 1066 1140 1110 earum
1156 1051 1196 1113 2⁷

92 1168 218 1223 rerum,
243 1170 326 1233 quas
350 1170 414 1235 ego
436 1150 535 1235 gessi,
559 1171 627 1213 non
654 1148 770 1214 eadem
800 1158 853 1214 est
883 1148 1019 1213 fortuna
1042 1157 1144 1234 atque
1195 1195 1199 1202 -
1232 1205 1235 1209 .

92 1250 249 1315 condicio
266 1273 351 1336 quae
369 1253 515 1330 illorum,
529 1254 588 1337 qui
605 1261 746 1318 externa
757 1254 845 1317 bella
855 1245 1145 1339 gesserunt'quod

28 1364 29 1401 ῑ
92 1354 176 1418 mihi
210 1376 286 1419 cum
310 1356 351 1420 iis
374 1356 559 1421 vivendum
583 1364 644 1433 est,
669 1378 755 1441 quos
778 1358 844 1421 vici
868 1378 906 1420 ac
934 1357 1062 1443 subegi,
1093 1358 1143 1421 illi

32 1504 33 1507 ,
92 1458 209 1523 hostes
225 1458 491 1525 autinterfectos
502 1468 561 1525 aut
575 1482 750 1546 oppressos
762 1461 983 1545 reliquerunt,
997 1467 1146 1526 vestrum
1183 1478 1198 1523 s
1227 1469 1233 1477 '

32 1608 33 1611 κ
92 1570 154 1639 est,
173 1562 335 1641 Quirites,
352 1566 381 1628 si
398 1565 518 1630 ceteris
533 1563 623 1629 facta
635 1586 695 1629 sua
708 1574 796 1630 recte
810 1572 962 1650 prosunt,
975 1564 1056 1628 mihi
1072 1587 1145 1630 mea
1168 1565 1171 1569 ’

92 1688 134 1731 ne
160 1667 299 1751 quando
323 1668 444 1745 obsint,
471 1668 656 1753 providere.
704 1667 836 1734 Mentes
861 1670 950 1733 enirn
973 1668 1145 1733 hominum

30 1823 32 1825 .
92 1770 394 1836 audacissimorum
409 1771 589 1837 sceleratae
613 1794 651 1838 ao
675 1771 821 1838 nefariae
837 1763 888 1838 vne
912 1772 1003 1837 vobis
1027 1795 1145 1840 nocere

34 1872 35 1875 ’
92 1884 243 1961 possent,
275 1898 337 1964 ego
369 1877 510 1962 providi,
542 1899 583 1943 ne
615 1878 697 1942 mihi
727 1887 881 1956 noceant,
912 1887 1062 1945 vestrum
1095 1887 1147 1944 est

29 2014 32 2025 r
92 1980 281 2065 providere.
344 1979 569 2067 Quamquam,
603 1981 763 2062 Quirites,
795 1983 876 2046 mihi
908 1982 1046 2068 quidem
1083 1984 1146 2069 ipsi
1170 1999 1199 2045 10

28 2122 30 2131 κ
92 2085 175 2149 nihil
202 2084 244 2151 ab
273 2086 347 2150 istis
378 2086 443 2150 iam
470 2087 583 2152 noceri
616 2094 738 2171 potest.
784 2076 948 2174 Magnum
979 2088 1067 2152 enim
1093 2096 1146 2152 est

33 2212 34 2215 ¹
92 2191 127 2253 in
154 2190 254 2255 bonis
284 2191 498 2277 praesidium,
532 2190 626 2276 quod
656 2192 739 2255 mihi
769 2193 804 2256 in
835 2199 1037 2277 perpetuum
1060 2214 1145 2257 com·

92 2302 248 2379 paratum
272 2305 333 2373 est,
357 2318 480 2384 magna
506 2297 541 2359 in
569 2318 603 2363 re
635 2297 771 2383 publica
801 2296 958 2383 dignitas,
983 2318 1069 2382 quae
1092 2320 1144 2363 me

29 2422 32 2426 ’
92 2420 225 2485 semper
239 2402 344 2466 tacita
367 2400 537 2477 defendet,
562 2422 684 2488 magna
707 2402 759 2465 vis
782 2402 1016 2479 conscientiae,
1041 2424 1142 2487 quam

29 2542 30 2561 n
93 2504 151 2588 qui
175 2505 374 2592 neglegunt,
397 2527 476 2570 cum
499 2527 551 2571 me
576 2506 700 2571 violare
724 2507 852 2583 volent,
876 2528 911 2572 se
934 2507 998 2591 ipsi
1022 2506 1146 2572 indica·
1169 2523 1197 2568 15

92 2606 187 2673 bunt.
235 2609 298 2673 Est
313 2610 402 2674 enim
427 2610 463 2673 in
487 2608 581 2674 nobis
605 2610 634 2674 is
655 2610 804 2688 animus,
827 2609 989 2690 Quirites,
1017 2618 1058 2675 ut
1080 2616 1196 2678 n0n28

93 2713 191 2777 modo
215 2714 344 2778 nullius
371 2712 529 2779 audaciae
558 2713 726 2791 cedamus,
751 2713 811 2779 sed
838 2716 938 2779 etiam
965 2716 1072 2780 omnis
1095 2717 1144 2779 in-

28 2844 29 2849 *
93 2816 213 2899 probos
244 2818 335 2882 ultro
366 2839 496 2902 semper
525 2819 738 2883 lacessamus.
788 2817 917 2897 Quodsi
948 2821 1056 2884 omnis
1086 2820 1144 2883 im-

93 2928 192 3003 petus
219 2920 478 2987 domesticorum
508 2922 656 2986 hostium
687 2921 849 3007 depulsus
879 2944 898 2987 a
928 2923 1023 2987 vobis
1045 2945 1080 2988 se
1106 2925 1142 2987 in

94 3045 145 3089 me
174 3046 281 3089 unum
313 3028 526 3104 convorterit,
550 3027 646 3093 vobis
673 3028 738 3091 erit
760 3026 954 3102 videndum,
980 3026 1142 3107 Quirites,
1165 3044 1196 3089 ao

95 3150 159 3213 qua
190 3130 386 3195 condicione
417 3131 555 3215 posthae
587 3152 643 3196 eos
674 3152 746 3195 esse
777 3132 901 3207 velitis,
934 3132 1050 3217 quise
1081 3155 1141 3218 pro

94 3234 201 3299 salute
220 3242 333 3305 vestra
348 3234 533 3300 obtulerint
547 3234 694 3300 invidiae
718 3236 943 3321 periculisque
967 3237 1140 3313 omnibus3

94 3338 173 3402 mihi
190 3338 328 3423 quidem
344 3340 408 3423 ipsi
430 3340 514 3424 quid
530 3347 582 3404 est
604 3338 696 3424 quod
719 3340 786 3402 iam
810 3339 854 3404 ad
877 3340 965 3404 vitae
989 3339 1139 3406 fructum

94 3444 198 3524 possit
212 3442 357 3528 adquiri,
375 3465 452 3509 oum
473 3436 667 3528 praesertim
693 3464 803 3528 neque
827 3429 871 3507 in'
886 3444 1010 3509 honore
1026 3455 1139 3511 vestro

95 3566 201 3631 neque
218 3548 253 3610 in
276 3548 383 3634 gloria
406 3548 546 3613 virtutis
570 3548 753 3632 quicquam
777 3547 910 3613 videam
937 3549 1049 3625 altius,
1074 3572 1143 3634 quo
1165 3566 1194 3611 25

95 3650 171 3714 mihi
219 3650 335 3717 lubeat
355 3689 359 3699 ι
377 3652 583 3727 ascendere?
643 3651 737 3715 Illud
774 3654 943 3736 perficiam
981 3652 1194 3739 proieet0,29

97 3751 252 3832 Quirites
270 3764 374 3833 ntea,
393 3779 479 3843 quae
495 3757 584 3843 gessi
601 3757 636 3819 in
660 3756 849 3833 consulatu,
872 3759 1024 3841 privatus
1046 3765 1142 3822 tuear

96 3864 192 3943 atque
216 3881 341 3939 ornem,
364 3869 412 3939 ut,
430 3863 459 3925 si
483 3883 550 3947 qua
572 3869 624 3925 est
645 3859 775 3925 invidia
798 3861 834 3923 in
856 3860 1083 3928 conservanda
1105 3883 1141 3927 re
