2800 4367
215 330 278 397 176
560 343 633 394 eno
654 343 685 393 r.
711 342 840 394 susrro
862 341 1012 394 oanrro.

267 515 377 580 dolero
408 535 475 577 non
506 521 700 599 potuerunt,
728 513 787 578 bos
819 521 932 578 vestra
961 513 1166 590 auctoritate,
1194 520 1295 578 vestra

265 620 436 706 religione,
455 619 576 682 vestris
597 617 776 682 sententiis
799 639 834 683 se
860 639 1075 703 oppressuros
1097 617 1295 682 arbitrantur.
1367 629 1368 638 ’

213 739 243 785 25
265 723 339 809 Ego
354 730 477 798 autem,
493 720 631 797 iudices,
649 721 819 807 quoniam,
836 743 904 806 qua
921 744 1002 787 voce
1027 722 1107 786 mihi
1121 723 1154 785 in
1171 721 1298 808 agendis
1367 709 1368 712 ¹

265 827 383 914 gratiis
413 824 770 910 commemorandoque
802 846 928 902 eorum,
946 827 1006 911 qui
1033 826 1074 890 de
1104 848 1153 892 me
1185 825 1299 909 optime
1367 870 1368 873 κ

266 931 377 996 meriti
400 939 491 1006 sunt,
508 929 669 994 beneficio
693 951 766 995 esse
794 929 960 994 utendum
984 929 1150 1015 putabam,
1165 951 1206 994 ea
1221 949 1301 991 nunc

266 1035 317 1100 uti
332 1057 433 1122 cogor
447 1035 482 1121 iu
498 1055 613 1099 eorum
628 1034 788 1118 periculis
805 1033 1024 1119 depellendis,
1043 1036 1083 1098 iis
1099 1034 1302 1119 potissimum

266 1161 333 1204 vox
360 1138 441 1204 haec
466 1139 602 1214 serviat,
625 1159 769 1222 quorum
796 1160 895 1223 opera
921 1146 957 1203 ct
984 1139 1066 1202 mihi
1096 1145 1131 1202 et
1156 1136 1250 1204 vobis
1275 1143 1304 1200 et
1367 1127 1368 1164 ³

213 1259 243 1304 so
264 1243 390 1328 populo
406 1243 555 1308 Romano
571 1243 729 1306 restituta
746 1249 806 1308 est.
872 1235 880 1252 ⁸
1367 1253 1368 1262 ’

223 1348 242 1411 3
309 1363 347 1410 11.
379 1347 425 1410 Et
451 1367 655 1432 quamquam
682 1368 701 1410 a
730 1346 771 1426 Q.
802 1347 997 1424 Hortensio,
1026 1348 1214 1412 clarissimo
1240 1347 1305 1410 viro

264 1459 366 1536 atque
382 1451 668 1536 eloquentissimo,
685 1459 854 1517 causaest
874 1451 912 1515 P.
929 1439 1019 1517 Sesti
1041 1461 1196 1537 perorata
1219 1450 1308 1514 nihil·
1367 1497 1368 1502 η

265 1576 331 1640 que
347 1555 443 1619 abeo
459 1556 730 1639 praetermissum
753 1563 814 1632 est,
832 1555 924 1640 quod
946 1566 1006 1620 aut
1032 1575 1094 1641 pro
1118 1579 1154 1622 re
1179 1555 1307 1646 publica

266 1658 542 1743 conquerendum
567 1658 635 1722 fuit
658 1667 719 1723 aut
744 1681 809 1744 pro
840 1681 895 1724 reo
926 1659 1179 1744 disputandum,
1200 1667 1308 1724 tamen
1367 1659 1368 1704 l

123 1763 126 1766 ’
225 1782 240 1825 s
262 1762 438 1850 adgrediar
452 1762 496 1826 ad
512 1762 701 1839 dicendum,
719 1784 760 1828 ne
785 1785 857 1828 mes
879 1767 1106 1852 propugnatio
1130 1767 1161 1831 ei
1184 1763 1309 1850 potissi·

264 1889 356 1931 mum
387 1866 535 1933 defuisse
566 1866 731 1944 videatur,
756 1890 815 1953 per
837 1889 939 1952 quam
970 1877 1022 1934 est
1052 1869 1253 1954 perfectum,
1273 1889 1308 1930 nc
1367 1857 1368 1908 l

263 1973 383 2037 ceteris
399 1970 528 2037 civibus
545 1970 686 2036 deesset.
735 1974 851 2057 Atque
876 1995 938 2060 ego
961 1975 1009 2039 sic
1032 1981 1158 2051 statuo,
1176 1973 1308 2044 iudices,
1367 1995 1368 1998 ¹

263 2097 359 2140 anic
383 2077 418 2140 in
445 2077 507 2140 hac
532 2097 632 2140 causa
661 2084 764 2162 atque
795 2077 857 2142 hoc
888 2085 1040 2143 extremo
1070 2078 1208 2144 dicendi
1240 2078 1309 2140 loco

263 2181 398 2265 pietatis
424 2181 535 2266 potius
560 2202 664 2266 quam
688 2180 904 2259 defensionis,
921 2183 1091 2267 querellae
1117 2199 1228 2270 quam·
1251 2182 1309 2247 clo

210 2300 240 2345 10
261 2286 429 2370 quentiae,
448 2285 571 2350 doloris
598 2306 700 2370 quam
728 2287 856 2372 ingenii
887 2289 991 2372 partis
1023 2310 1095 2353 esse
1126 2295 1307 2374 susceptas.

221 2392 241 2451 4
264 2389 384 2474 Itaque
400 2390 428 2452 si
444 2397 505 2453 aut
527 2391 636 2455 acrius
659 2412 759 2477 egero
786 2399 846 2455 aut
874 2391 1020 2468 liberius,
1038 2414 1141 2477 quam
1157 2395 1219 2478 qui
1236 2399 1308 2456 anto

263 2515 314 2558 nro
342 2493 512 2571 dixerunt,
536 2503 614 2578 peto
640 2517 660 2558 a
682 2495 786 2571 vobiS,
812 2504 851 2560 ut
881 2504 1014 2561 tantum
1045 2499 1189 2561 orationi
1221 2516 1307 2560 meae

262 2598 463 2673 concedatis,
480 2607 646 2682 quantum
662 2607 697 2663 et
720 2600 774 2684 pio
799 2599 905 2664 dolori
930 2607 965 2664 et
988 2602 1094 2665 iustae
1119 2599 1308 2665 iracundiae

262 2701 514 2766 concedendum
537 2704 674 2787 putetis.
721 2701 807 2766 Nam
833 2725 943 2787 neque
969 2703 1076 2769 officio
1101 2704 1308 2768 coniunctior

211 2821 239 2864 15
261 2805 356 2869 dolor
382 2807 474 2870 ullus
500 2828 571 2870 esse
600 2813 711 2891 potest
739 2827 838 2891 quam
872 2807 924 2871 hic
949 2829 1042 2872 meus
1065 2817 1247 2892 susceptus
1270 2827 1307 2870 cx

262 2909 407 2974 hominis
424 2909 464 2974 dc
480 2932 532 2974 me
550 2912 674 2994 optime
692 2912 801 2974 meriti
826 2912 986 2995 periculo,
1005 2934 1113 2997 neque
1137 2911 1307 2977 iracundia

262 3017 369 3101 magis
385 3015 456 3079 ulla
478 3015 647 3078 laudanda
671 3023 721 3079 cst
738 3036 838 3099 quam
865 3037 938 3080 mea
963 3015 1166 3080 inflammata
1193 3035 1307 3082 eorum

262 3121 394 3196 scelere,
420 3120 478 3204 qui
510 3141 586 3183 cum
617 3119 771 3184 omnibus
803 3141 894 3184 meae
924 3120 1046 3184 salutis
1076 3120 1305 3186 defensoribus

220 3227 239 3289 5
263 3223 387 3288 bellum
404 3245 475 3288 esse
491 3223 554 3287 sibi
570 3223 752 3309 gerendum
774 3224 1019 3289 iudicaverunt.
1067 3224 1133 3289 Sed
1149 3226 1306 3310 quoniam

209 3343 238 3388 ao
260 3329 403 3414 singulis
426 3328 621 3392 criminibus
647 3329 749 3392 ceteri
777 3328 1031 3413 responderunt,
1049 3328 1156 3393 dicam
1181 3352 1243 3416 ego
1266 3327 1303 3390 dc

262 3433 352 3496 omni
368 3440 459 3496 statu
477 3432 515 3494 P.
529 3431 626 3507 Sesti,
640 3431 681 3495 do
699 3453 820 3516 genere
838 3433 937 3507 tritae,
951 3433 991 3496 de
1010 3441 1138 3509 natura,
1155 3433 1196 3497 de
1213 3432 1304 3497 mori·

262 3536 334 3612 bus,
352 3535 392 3599 de
409 3535 596 3600 incredibili
613 3557 722 3599 amore
740 3536 773 3598 in
791 3534 904 3613 bonos,
922 3536 963 3600 de
980 3536 1093 3600 studio
1112 3557 1305 3602 conservan-

262 3639 323 3703 dae
340 3639 458 3702 salutis
475 3641 659 3703 communis
676 3647 779 3724 atque
796 3641 856 3703 otii
873 3638 1150 3724 contendamque,
1163 3642 1192 3704 si
1210 3639 1303 3705 modo

243 3743 295 3834 ¹id
318 3743 477 3826 consequi
501 3750 683 3826 poterunt
708 3744 742 3806 in
770 3743 830 3807 hac
855 3743 996 3808 confusa
1021 3753 1122 3830 atque
1151 3747 1302 3811 universa
1327 3775 1330 3782 ·

180 3918 182 3920 ,
210 3863 238 3908 25
261 3845 454 3911 defensione
480 3847 563 3909 nihil
587 3868 606 3908 a
629 3869 691 3922 me,
709 3847 800 3930 qnod
825 3847 867 3914 ad
894 3856 1039 3918 vestram
1064 3851 1298 3940 quaestionem,
