2800 4367
586 328 668 380 CAP.
691 328 780 391 35-37,
805 331 819 391 i
842 328 929 382 76-79.

228 499 450 584 pervenitur3
489 499 585 590 nullo
615 518 695 564 vero
727 499 829 564 verbo
860 499 960 577 facto,
996 501 1091 564 nulla
1127 505 1270 568 contioni

229 603 407 680 advocata,
431 603 527 668 nulla
549 604 617 667 lata
639 604 714 690 lege
743 605 943 670 concitatam
968 611 1169 670 nocturnam
1200 608 1270 672 sedi

228 709 361 772 tionem
392 709 469 792 quis
499 707 656 771 audivit?
703 708 761 770 An
793 709 864 772 veri
894 709 1002 774 simile
1034 717 1095 786 est,
1128 717 1168 775 ut
1194 712 1270 777 civis

229 813 406 876 Romanus
437 819 497 876 aut
538 811 637 875 homo
668 811 753 876 liber
784 814 966 896 quisquam
997 835 1074 877 cum
1101 814 1215 900 gladio
1246 817 1270 879 ir

227 915 343 980 forum
366 914 580 980 descenderit
602 923 680 980 ante
704 917 824 992 lucem,
843 938 884 982 ne
908 916 1023 982 deme
1049 917 1129 982 ferri
1156 928 1270 1003 patere

228 1029 298 1097 tur,
323 1028 456 1105 praeter
478 1042 544 1096 eos,
561 1007 630 1104 'qui
653 1020 695 1084 ab
720 1021 780 1084 illo
802 1020 962 1105 pestifero
990 1043 1027 1086 ac
1059 1022 1191 1107 perdito
1214 1025 1266 1089 civ

227 1125 296 1188 iam
326 1124 458 1208 pridem
489 1124 536 1188 rei
568 1123 723 1209 publicae
754 1126 917 1211 sanguine
949 1127 1171 1212 saginantur?
1217 1127 1270 1192 Ha

227 1229 294 1292 iam
318 1228 360 1292 de
384 1230 458 1313 ipso
482 1237 676 1293 accusatore
701 1250 836 1314 quaero,
862 1231 921 1313 qui
952 1230 990 1292 P.
1023 1229 1172 1294 Sestium
1202 1254 1268 1316 que

134 1327 138 1398 ζ
227 1334 316 1396 ritur
339 1354 417 1397 cum
440 1332 721 1397 multitudinem
749 1332 923 1396 tribunatu
951 1341 986 1397 et
1012 1355 1087 1420 cum
1115 1335 1270 1418 praesidi<

134 1455 138 1468 ·
227 1459 352 1523 magno
377 1435 493 1510 fuisse,
522 1458 603 1499 num
634 1436 693 1500 illo
725 1435 778 1500 die
810 1435 923 1501 fuerit.
972 1437 1071 1502 Certe
1103 1460 1170 1503 non
1201 1438 1269 1503 fuit

135 1564 140 1596 ι
227 1541 332 1604 Victa
347 1542 455 1626 igitur
469 1548 522 1606 cst
536 1561 637 1604 causa
661 1539 890 1625 reipublicae,
908 1549 944 1606 et
968 1543 1058 1608 victa
1080 1564 1147 1606 non
1171 1544 1270 1627 auspi

135 1683 139 1698 ·
227 1646 300 1721 ciis,
327 1666 395 1707 non
422 1645 671 1718 intercessione,
700 1665 767 1706 non
793 1643 974 1731 suffragiis
1003 1645 1063 1710 sed
1093 1648 1137 1722 vi,
1166 1669 1268 1711 manu

226 1749 328 1814 ferro.
374 1748 460 1812 Nam
487 1750 516 1813 si
544 1749 778 1813 obnuntiasset
805 1748 958 1814 Fabricio
990 1751 1018 1814 is
1042 1758 1185 1834 praetor,
1220 1755 1270 1836 qu}

135 1899 140 1917 .
227 1875 264 1917 se
295 1874 445 1917 servasse
476 1852 518 1916 de
550 1854 642 1917 caelo
673 1852 815 1934 dixerat,
848 1855 1032 1938 accepisset
1061 1876 1113 1918 res
1144 1855 1270 1939 publica

228 1958 373 2043 plagam,
397 1956 562 2032 sedeam,
592 1979 696 2041 quam
728 1965 898 2042 acceptam
930 1979 1060 2043 gemere
1092 1966 1208 2043 posset
1218 1984 1225 2034 ;
1250 1963 1270 2024 si

227 2062 475 2134 intercessisset
490 2062 629 2146 conlega
645 2060 809 2136 Fabricio,
826 2061 981 2126 laesisset
1004 2083 1072 2126 rem
1097 2062 1270 2146 publicam.

228 2165 290 2230 sed
312 2167 359 2229 rei
381 2165 537 2249 publicae
561 2167 633 2228 iure
664 2165 826 2230 laesisset.
874 2164 1087 2230 Gladiatores
1120 2173 1158 2230 tu
1189 2169 1270 2232 novi-

228 2271 297 2333 cios
327 2291 387 2353 pro
418 2277 597 2353 expectata
623 2269 796 2334 aedilitate
822 2266 1016 2354 suppositos
1045 2292 1122 2334 cum
1149 2272 1270 2336 sicariis

228 2396 247 2438 e
286 2395 414 2438 carcere
448 2375 577 2438 emissis
607 2382 685 2438 ante
717 2374 825 2437 lucem
859 2375 1020 2451 inmittas,
1060 2377 1270 2460 magistratus

228 2478 353 2562 templo
369 2477 503 2553 deicias,
520 2477 655 2542 caedem
678 2478 857 2541 maximam
882 2477 995 2554 faciae,
1020 2477 1129 2542 forum
1152 2478 1270 2566 purges

230 2590 274 2657 et,
289 2605 364 2647 cum
383 2583 495 2646 omnia
511 2583 545 2646 vi
568 2589 604 2646 et
625 2583 724 2648 armis
751 2583 869 2668 egeris,
893 2603 1028 2646 accuses
1052 2604 1140 2660 euin,
1157 2585 1217 2668 qui
1240 2607 1270 2650 sc

230 2687 393 2771 praesidio
409 2688 579 2762 munierit,
596 2708 663 2750 non
679 2694 720 2750 ut
735 2693 769 2750 te
789 2694 1010 2772 oppugnaret,
1027 2687 1087 2751 sed
1110 2695 1151 2751 ut
1171 2690 1270 2752 vitam

229 2812 324 2855 suam
339 2798 455 2875 posset
469 2789 676 2855 defendere?

273 2911 420 2959 xxxvn.
445 2893 556 2978 Atqui
572 2916 613 2958 ue
630 2916 671 2966 ex
688 2916 727 2959 eo
744 2894 881 2980 quidem
898 2903 1046 2980 tempore
1063 2895 1098 2958 id
1114 2897 1184 2982 egit
1201 2895 1270 2962 Ses-

230 3001 308 3076 tius,
324 3006 364 3063 ut
379 3021 399 3062 a
414 3000 484 3063 suis
496 3000 648 3062 munitus
662 3006 738 3062 tuto
755 3000 789 3061 in
801 2997 874 3062 foro
885 3000 1120 3084 magistratum
1133 3009 1270 3086 gereret,

230 3103 486 3188 rempublicam
510 3102 792 3168 administraret·
818 3104 940 3188 Itaque
964 3103 1072 3168 fretus
1096 3107 1270 3170 sanctitate

230 3208 418 3273 tribunatus
442 3229 520 3272 curn
549 3229 584 3274 se
612 3230 680 3272 non
705 3208 803 3272 modo
832 3216 948 3272 contra
975 3210 1044 3272 vim
1071 3219 1107 3273 et
1136 3209 1270 3287 ferrum,

229 3312 286 3376 sed
316 3314 417 3376 etiam
448 3319 566 3381 contra
596 3312 696 3378 verba
726 3320 829 3397 atque
860 3311 1111 3378 interfationem
1142 3315 1270 3400 legibus

230 3418 363 3480 sacratis
401 3439 473 3482 esse
511 3425 677 3484 armatum
716 3425 861 3501 putaret,
902 3417 997 3482 venit
1034 3419 1069 3481 in
1108 3420 1270 3502 templum

232 3520 387 3598 Castoris,
414 3521 633 3587 obnuntiavit
655 3523 805 3586 consuli:
834 3543 911 3586 curn
934 3521 1047 3586 subito
1070 3544 1189 3587 manus
1213 3524 1271 3586 illa

231 3625 391 3690 Clodiana
407 3627 441 3689 in
466 3626 566 3691 caede
591 3627 717 3691 civium
746 3648 842 3711 saepe
866 3627 932 3690 iarn
956 3627 1080 3692 victrix
1105 3628 1270 3692 exclamat

230 3731 396 3807 incitatur,
416 3730 567 3806 invadit3
591 3733 750 3796 inermem
766 3739 869 3816 atque
885 3732 1074 3815 inparatum
1099 3732 1270 3797 tribunum

230 3834 285 3898 alii
308 3832 430 3920 gladiis
461 3834 671 3912 adoriuntur,
703 3835 760 3898 alii
793 3834 991 3923 fragmentis
1022 3844 1217 3920 saeptorum
1239 3841 1270 3901 ei
