2800 4367
475 358 555 410 car.
579 360 637 423 ea,
661 361 676 422 5
700 357 787 413 13-17.
1167 347 1208 410 93

77 528 313 596 dissensione
330 530 431 596 huius
448 529 574 595 ordinis
591 530 635 594 ad
657 531 853 595 societatem
877 531 1155 616 concordiamque
1180 547 1209 592 25

78 644 280 702 revocatos
308 635 488 700 hodiernus
517 634 589 699 dies
617 634 789 704 vobiscum
816 641 918 719 atquc
946 634 1027 699 haec
1054 658 1154 700 causa

51 739 55 745 ’
80 741 294 827 coniungit.
341 739 452 819 Quam
476 739 506 803 si
524 739 794 804 coniunctionem
820 739 855 801 in
879 739 1056 802 consulatu
1079 763 1154 804 con-

82 843 271 908 firmatam
303 867 376 909 meo
406 851 602 929 perpetuam
634 844 670 906 iu
701 864 736 907 re
772 843 907 928 publica
938 846 1154 920 tenuerimus

83 949 267 1012 confirmo
290 949 386 1015 vobis
408 949 543 1012 nullum
561 948 699 1032 posthac
716 947 841 1010 malum
862 948 962 1012 civile
978 969 1015 1012 ao
1031 948 1168 1013 domes·

84 1054 212 1116 ticum
243 1053 286 1116 ad
317 1054 421 1116 ullam
452 1053 500 1116 rei
526 1051 679 1136 publicae
708 1059 835 1136 partem
861 1072 933 1116 csse
964 1059 1156 1117 venturum.
1180 1069 1210 1114 30

87 1155 185 1220 Pari
200 1156 313 1221 studio
328 1154 564 1221 defendundae
587 1157 635 1220 rei
658 1155 814 1240 publicae
837 1157 1034 1221 convenisse
1058 1156 1155 1222 video

86 1260 259 1325 tribunos
282 1261 434 1337 aerarios,
459 1259 659 1324 fortissimos
688 1260 797 1336 viros3
826 1259 949 1324 scribas
978 1261 1156 1324 item·uni·

89 1387 232 1442 versos,
253 1386 339 1449 quos
362 1387 438 1429 curn
462 1386 542 1429 casu
566 1364 620 1428 hic
648 1363 720 1429 dics
747 1363 789 1428 ad
815 1366 978 1429 aerarium
1002 1364 1157 1449 frequen-

90 1476 223 1546 tasset,
247 1469 346 1534 video
376 1469 419 1533 ab
448 1469 681 1552 expectatione
709 1469 808 1533 sortis
839 1467 882 1533 ad
911 1469 1052 1533 salutem
1071 1491 1157 1534 com·

91 1595 243 1638 munem
285 1595 357 1639 esse
394 1593 583 1637 conversos.
639 1573 758 1638 Omnis
800 1575 1024 1660 ingenuorum
1061 1573 1158 1638 adest
1173 1579 1209 1640 16

93 1676 302 1753 multitude,
316 1679 418 1742 etiam
434 1677 719 1742 tenuissimorum.
744 1678 830 1758 Quis
843 1684 896 1743 est
911 1678 1009 1754 enim,
1023 1669 1078 1742 cui
1091 1699 1157 1742 non
1182 1691 1210 1737 ac

93 1781 187 1846 haec
219 1783 354 1867 templa,
382 1790 540 1867 aspectus
570 1781 672 1859 urbis,
700 1783 865 1867 possessio
891 1781 1063 1858 libertatis,
1095 1783 1156 1846 lux

96 1885 253 1970 denique
277 1886 359 1951 haec
382 1888 454 1971 ipsa
477 1894 521 1951 et.
535 1907 711 1951 commune
729 1887 854 1970 patriae
877 1886 986 1950 solum
1011 1908 1086 1950 cum
1111 1888 1157 1951 sit

98 2011 232 2067 carum,
249 1998 322 2055 tum
342 2013 422 2057 vero
438 1991 537 2055 dulce
562 1997 665 2075 atque
691 1989 906 2055 iucundum?
959 2007 1038 2055 vm.
1072 1990 1158 2076 Ope·

100 2117 163 2159 rae
194 2095 341 2180 pretium
374 2103 435 2171 est,
453 2102 565 2180 patres
581 2095 774 2179 conscripti,
790 2093 1023 2158 libertinorum
1053 2095 1156 2159 homi·

100 2222 189 2264 num
228 2199 341 2265 studia
377 2222 587 2286 cognoscere,
629 2201 688 2284 qui
727 2220 789 2262 sua
827 2199 954 2264 virtute
987 2197 1157 2263 fortunam

100 2305 209 2370 huius
228 2307 374 2371 civitatis
399 2306 572 2370 consecuti
596 2326 675 2368 vere
699 2303 784 2366 hanc
806 2323 900 2366 suam
923 2323 994 2367 esse
1016 2305 1157 2388 patriam

103 2411 270 2487 iudicant,
294 2433 394 2496 quam
420 2409 559 2495 quidam
583 2409 638 2473 hic
663 2409 744 2485 nati,
763 2414 798 2472 et
821 2427 951 2470 summo
974 2407 1046 2470 nati
1075 2407 1158 2484 loco,
1196 2421 1211 2465 5

104 2537 175 2580 non
199 2516 343 2601 patriam
373 2537 478 2593 suam,
503 2514 562 2578 sed
594 2513 710 2578 urbem
742 2505 890 2576 hostium
928 2532 1001 2576 esse
1036 2511 1159 2575 iudica-

104 2628 243 2686 verunt.
291 2620 358 2685 Sed
375 2620 459 2706 quid
473 2643 536 2707 ego
552 2619 650 2683 hosce
673 2617 825 2681 homines
849 2615 1049 2700 ordinesque
1073 2636 1158 2680 com-

106 2748 267 2802 memoro,
300 2747 385 2811 quos
413 2727 564 2810 privatae
592 2723 759 2798 fortunae,
785 2741 870 2805 quos
897 2720 1083 2784 communis
1106 2742 1158 2784 res

107 2829 254 2914 publice,
271 2851 356 2915 quos
373 2829 520 2914 denique
543 2828 690 2901 libertas,
708 2848 747 2890 ea
769 2846 855 2910 quae
879 2822 1073 2888 dulcissima
1096 2832 1156 2901 est,

52 3002 59 3017 ‚
107 2934 152 2998 ad
181 2936 329 2998 salutem
359 2935 487 3019 patriae
520 2929 767 2996 defendendam
799 2928 988 2993 excitavit?
1035 2926 1213 2992 Servus10

108 3043 162 3102 est
176 3059 286 3113 nemo,
304 3039 364 3121 qui
381 3036 479 3101 modo
498 3035 664 3100 tolerabili
688 3033 883 3098 condicione
906 3033 952 3096 sit
973 3033 1158 3110 servitutis

109 3141 169 3226 qui
193 3163 262 3205 non
288 3141 462 3205 audaciam
488 3140 615 3205 civium
637 3137 876 3222 perhorrescat,
901 3137 963 3221 qui
987 3157 1054 3200 non
1076 3135 1158 3201 haec

110 3253 198 3310 stare
228 3246 354 3330 cupiat,
393 3245 454 3330 qui
483 3265 552 3308 non
588 3248 755 3328 quantum
786 3240 890 3306 audet
925 3247 961 3305 et
995 3249 1160 3325 quantum

111 3355 233 3440 potest,
265 3347 418 3412 conferat
454 3346 498 3411 ad
531 3367 742 3412 communem
777 3343 930 3420 salutem,
962 3345 1158 3410 voluntatis.

112 3453 224 3532 Quare
255 3453 285 3516 si
315 3474 419 3537 quem
449 3459 600 3517 vestrum
630 3449 718 3513 forte
749 3455 939 3513 commovet
968 3448 1041 3524 hoc,
1066 3449 1159 3533 quod
1177 3453 1212 3515 17

111 3544 265 3622 auditum
296 3564 358 3633 est,
390 3557 545 3621 lenonem
582 3553 751 3640 quendam
790 3552 927 3616 Lentuli
965 3574 1162 3617 concursare
1185 3568 1214 3613 ro

111 3664 237 3726 circum
254 3661 419 3735 tabernae,
436 3662 544 3744 pretio
559 3679 693 3742 sperare
715 3656 888 3720 sollicitari
912 3677 1009 3741 posse
1033 3657 1160 3721 animos

112 3767 284 3852 egentium
307 3772 411 3848 atque
434 3763 674 3847 imperitorum,
700 3758 812 3826 estid
835 3759 973 3844 quidem
992 3755 1161 3843 'coeptum

113 3876 214 3958 atque
238 3875 451 3953 temptatum,
467 3864 528 3930 sed
550 3864 638 3929 nulli
660 3871 743 3930 sunt
764 3863 896 3928 inventi
918 3869 988 3927 tam
1016 3869 1075 3927 aut
1098 3861 1162 3928 lor·
