2800 4367
486 361 566 412 csr.
591 361 648 424 aa,
673 361 688 425 ς
713 361 798 414 14-19.
1155 348 1218 416 293

129 550 209 600 Ἧι
250 531 312 598 Ac
322 553 365 598 ne
377 531 464 597 illud
475 533 613 619 quidem
630 532 724 598 vobis
741 533 990 622 neglegendum
1004 536 1169 620 estquod
1182 542 1218 603 1⁷

86 639 178 703 mihi
197 660 276 724 ego
301 644 491 702 extremum
519 659 765 723 proposueram,
791 659 869 702 cum
894 659 999 704 essem
1027 638 1068 704 de
1085 639 1164 705 belli

86 765 229 830 genere
259 741 429 819 dicturus,
445 741 537 827 quod
563 741 607 806 ad
629 742 813 807 multorum
840 741 926 807 bona
952 743 1076 808 civium
1104 743 1167 809 Ro-

87 868 293 912 manorum
315 846 482 932 pertinet3
505 867 650 931 quorum
668 845 763 911 vobis
779 868 838 931 pro
854 853 968 912 vestra
990 848 1164 932 sapientia,

89 953 280 1031 Quirites,
304 950 459 1016 habenda
481 958 534 1016 est
556 951 641 1014 ratio
664 950 855 1038 diligenter.
902 951 986 1015 Nam
1010 959 1045 1016 et
1059 952 1166 1037 publi·
1203 971 1218 1014 a

89 1057 184 1133 cani,
232 1055 392 1118 homines
429 1053 656 1119 honestissimi
695 1063 797 1139 atque
837 1055 1050 1130 ornatissimi,
1087 1078 1165 1121 suas

90 1162 261 1224 rationes
295 1165 331 1223 et
360 1159 471 1243 copias
502 1159 537 1222 in
568 1159 661 1222 illam
699 1159 904 1244 provinciam
936 1159 1163 1238 contulerunt,

92 1287 261 1349 quorum
293 1265 442 1349 ipsorum
472 1285 594 1349 perse
620 1285 673 1328 res
696 1271 733 1327 et
758 1261 913 1329 fortunae
941 1263 1035 1330 vobis
1066 1287 1164 1330 curae

93 1392 173 1434 esse
211 1368 353 1442 debent.
412 1367 558 1444 Etenim,
585 1369 615 1432 si
646 1367 824 1454 vectigalia
858 1389 977 1433 nervos
1015 1389 1086 1434 esse
1117 1370 1164 1434 rei

95 1474 271 1559 publicae
309 1493 442 1557 semper
478 1471 649 1547 duximus,
680 1493 759 1536 eum
789 1478 879 1536 certe
915 1470 1074 1548 ordinem,
1107 1475 1166 1558 qui
1189 1491 1218 1536 10

95 1583 251 1643 exercet
281 1577 350 1653 illa,
382 1576 630 1642 firmamentum
662 1583 849 1640 ceterorum
883 1575 1038 1640 ordinum
1072 1585 1161 1643 recte

96 1705 178 1747 esse
211 1680 377 1746 dicemus.
424 1679 557 1746 Deinde
586 1702 628 1745 ex
656 1681 776 1745 ceteris
807 1679 980 1746 ordinibus
1012 1682 1215 1748 homines18

98 1787 215 1873 gnavi
232 1793 338 1870 atque
363 1784 522 1849 industrii
548 1785 668 1870 partim
694 1785 758 1869 ipsi
775 1785 810 1848 in
827 1785 910 1849 Asia
936 1788 1163 1872 negotiantur,

100 1890 240 1975 quibus
258 1908 318 1953 vos
333 1888 528 1954 absentibus
552 1889 727 1954 consulere
744 1887 884 1965 debetis,
902 1891 1023 1974 partim
1049 1912 1162 1955 eorum

100 1998 138 2059 in
175 2017 220 2060 ea
252 1993 424 2078 provincia
454 1995 612 2078 pecunias
644 2015 782 2080 magnas
814 1994 992 2059 collocatas
1031 1995 1164 2061 habent.
1190 2011 1218 2056 15

102 2102 176 2166 Est
201 2101 310 2187 igitur
330 2099 550 2165 humanitatis
567 2108 697 2165 vestrae
726 2121 884 2186 magnum
910 2121 1087 2166 numerum
1112 2123 1163 2166 eo-

102 2227 189 2268 rum
220 2204 348 2268 civium
385 2203 575 2268 calamitate
615 2203 800 2288 prohibere,
833 2205 1018 2288 sapientiae
1050 2205 1164 2270 videre

103 2309 301 2372 multorum
328 2309 453 2373 civium
482 2308 707 2372 calamitatem
723 2329 742 2370 a
757 2329 792 2372 re
818 2308 954 2391 publica
978 2309 1163 2373 seiunctam

104 2434 186 2478 esse
214 2433 283 2475 non
310 2433 416 2496 posse.
462 2412 596 2477 Etenim
628 2413 774 2497 primum
807 2410 894 2476 illud
923 2413 1019 2497 parvi
1051 2412 1163 2489 refert,

106 2539 174 2582 nos
199 2515 389 2602 publicanis
414 2518 545 2582 omissis
570 2517 749 2602 vectigalia
772 2524 889 2601 postea
912 2518 1052 2582 victoria
1075 2539 1167 2583 recu·
1188 2534 1218 2579 ao

106 2642 251 2707 perare3
290 2642 400 2706 neque
431 2622 521 2686 enim
559 2619 666 2686 isdem
704 2619 890 2686 redimendi
928 2620 1071 2686 facultas
1101 2624 1166 2688 erit

107 2733 253 2812 propter
282 2725 508 2791 calamitatem
538 2747 648 2811 neque
680 2725 754 2790 aliis
783 2726 940 2790 voluntas
966 2734 1102 2811 propter
1124 2729 1163 2791 ti·

107 2851 254 2894 morem.
301 2829 443 2906 Deinde,
472 2829 564 2914 quod
594 2851 655 2894 nos
687 2829 804 2894 eadem
836 2830 919 2894 Asia
950 2838 1052 2915 atque
1077 2831 1164 2896 idem
1181 2835 1217 2896 19

104 2936 180 3008 istc
197 2932 414 2998 Mithridates
432 2934 529 2998 initio
553 2933 633 2998 belli
650 2934 795 2998 Asiatici
819 2933 943 3009 docuit,
969 2934 1004 2997 id
1027 2934 1163 3019 quidem

108 3045 207 3102 certe
246 3037 435 3102 calamitate
474 3037 565 3102 docti
604 3039 763 3102 memoria
808 3039 951 3103 retinere
996 3038 1164 3104 debemus.
1188 3056 1217 3100 aa

109 3142 202 3205 Nam
229 3148 313 3217 tum,
337 3163 414 3205 cum
439 3142 475 3204 in
502 3140 586 3205 Asia
613 3163 665 3232 res
694 3163 831 3228 magnas
862 3142 1020 3226 permulti
1051 3144 1165 3208 amise-

109 3253 204 3321 rant,
217 3245 341 3310 scimus
354 3245 479 3309 Romae
492 3245 661 3310 solutione
677 3245 839 3330 impedita
855 3245 955 3310 fidem
967 3246 1161 3312 concidisse.

109 3349 193 3412 Non
221 3349 310 3413 enim
339 3333 485 3433 possunt
512 3370 579 3412 una
605 3350 641 3412 in
657 3350 795 3415 civitate
823 3350 922 3413 multi
949 3372 1018 3414 rem
1042 3373 1079 3415 ac
1102 3351 1165 3416 for·

110 3460 218 3518 tunae
243 3453 405 3530 amittere,
432 3461 566 3517 utnon
593 3453 707 3538 plures
735 3476 849 3520 secum
875 3455 910 3518 in
937 3455 1077 3520 eandem
1104 3463 1166 3520 tra

110 3557 201 3620 bant
237 3557 473 3623 calamitatem.
520 3558 554 3620 A
593 3579 661 3643 quo
699 3559 848 3642 periculo
886 3559 1059 3643 prohibete
1098 3581 1166 3624 rem
1189 3577 1218 3622 30

111 3661 285 3746 publicam
312 3670 348 3727 et
373 3661 456 3725 mihi
488 3661 624 3737 credite,
650 3661 686 3726 id
714 3662 806 3747 quod
836 3664 900 3747 ipsi
925 3662 1057 3738 videtis,
1084 3663 1164 3728 haec

112 3764 200 3830 fides
215 3772 318 3851 atque
333 3765 415 3830 haec
440 3768 525 3831 ratio
552 3768 782 3850 pecuniarum,
810 3788 896 3851 quae
923 3768 1057 3844 Romae,
1082 3789 1168 3852 quae

112 3871 151 3933 in
167 3868 242 3934 foro
257 3878 420 3946 versatur,
437 3871 599 3955 inplicata
623 3878 675 3935 est
699 3863 776 3934 curn
802 3871 870 3934 illis
895 3872 1046 3954 pecuniis
1072 3871 1167 3936 Asia-
