<?xml version="1.0" encoding="UTF-8"?>
<!DOCTYPE html PUBLIC "-//W3C//DTD XHTML 1.0 Transitional//EN"
    "http://www.w3.org/TR/xhtml1/DTD/xhtml1-transitional.dtd">
<html xmlns="http://www.w3.org/1999/xhtml" xml:lang="en" lang="en">
 <head>
  <title>
</title>
<meta http-equiv="Content-Type" content="text/html;charset=utf-8" />
  <meta name='ocr-system' content='tesseract 3.04.00' />
  <meta name='ocr-capabilities' content='ocr_page ocr_carea ocr_par ocr_line ocrx_word'/>
</head>
<body>
  <div class='ocr_page' id='page_1' title='image "./selectedoration01cicegoog_0100.png"; bbox 0 0 2800 4367; ppageno 0'>
   <div class='ocr_carea' id='block_1_1' title="bbox 502 930 1122 1004">
    <p class='ocr_par' dir='ltr' id='par_1_1' title="bbox 502 930 1122 1030">
     <span class='ocr_line' id='line_1_1' title="bbox 502 930 1122 1004; baseline 0 0"><span class='ocrx_word' id='word_1_1' title='bbox 502 935 555 1004; x_wconf 85' lang='lat' dir='ltr'>n.</span> <span class='ocrx_word' id='word_1_2' title='bbox 584 933 734 1004; x_wconf 75' lang='lat' dir='ltr'>ruini</span> <span class='ocrx_word' id='word_1_3' title='bbox 770 930 1036 1004; x_wconf 72' lang='lat' dir='ltr'>CICERONIS</span> <span class='ocrx_word' id='word_1_4' title='bbox 1119 950 1122 958; x_wconf 39' lang='lat'>¹</span> 
     </span>
    </p>
   </div>
   <div class='ocr_carea' id='block_1_2' title="bbox 425 1151 1117 1236">
    <p class='ocr_par' dir='ltr' id='par_1_2' title="bbox 425 1151 1117 1236">
     <span class='ocr_line' id='line_1_2' title="bbox 425 1151 1117 1236; baseline 0 -2"><span class='ocrx_word' id='word_1_5' title='bbox 425 1155 537 1236; x_wconf 89' lang='lat' dir='ltr'>PRO</span> <span class='ocrx_word' id='word_1_6' title='bbox 579 1156 626 1234; x_wconf 89' lang='lat' dir='ltr'>P.</span> <span class='ocrx_word' id='word_1_7' title='bbox 663 1154 855 1236; x_wconf 85' lang='lat' dir='ltr'>SULLA</span> <span class='ocrx_word' id='word_1_8' title='bbox 897 1151 1117 1234; x_wconf 85' lang='lat' dir='ltr'><strong>ORATIO</strong></span> 
     </span>
    </p>
   </div>
   <div class='ocr_carea' id='block_1_3' title="bbox 626 1369 956 1441">
    <p class='ocr_par' dir='ltr' id='par_1_3' title="bbox 626 1369 956 1441">
     <span class='ocr_line' id='line_1_3' title="bbox 626 1369 956 1441; baseline 0.003 -3"><span class='ocrx_word' id='word_1_9' title='bbox 626 1383 687 1438; x_wconf 76' lang='lat' dir='ltr'>An</span> <span class='ocrx_word' id='word_1_10' title='bbox 719 1381 904 1441; x_wconf 76' lang='lat' dir='ltr'>iunioris</span> <span class='ocrx_word' id='word_1_11' title='bbox 951 1369 956 1380; x_wconf 90' lang='lat'>&#39;</span> 
     </span>
    </p>
   </div>
   <div class='ocr_carea' id='block_1_4' title="bbox 580 1605 953 1614">
    <p class='ocr_par' dir='ltr' id='par_1_4' title="bbox 580 1605 953 1614">
     <span class='ocr_line' id='line_1_4' title="bbox 580 1605 953 1614; baseline -0.003 0"><span class='ocrx_word' id='word_1_12' title='bbox 580 1605 953 1614; x_wconf 75' lang='lat'>——.-—--</span> 
     </span>
    </p>
   </div>
   <div class='ocr_carea' id='block_1_5' title="bbox 190 1782 1374 3844">
    <p class='ocr_par' dir='ltr' id='par_1_5' title="bbox 213 1782 1285 2183">
     <span class='ocr_line' id='line_1_5' title="bbox 213 1782 1281 1872; baseline 0 -24"><span class='ocrx_word' id='word_1_13' title='bbox 213 1788 229 1848; x_wconf 96' lang='lat'>1</span> <span class='ocrx_word' id='word_1_14' title='bbox 286 1802 310 1847; x_wconf 90' lang='lat'>1.</span> <span class='ocrx_word' id='word_1_15' title='bbox 342 1785 490 1850; x_wconf 83' lang='lat' dir='ltr'>Maxime</span> <span class='ocrx_word' id='word_1_16' title='bbox 502 1786 633 1862; x_wconf 86' lang='lat' dir='ltr'>vellem,</span> <span class='ocrx_word' id='word_1_17' title='bbox 650 1784 788 1861; x_wconf 71' lang='lat' dir='ltr'>iudices</span> <span class='ocrx_word' id='word_1_18' title='bbox 803 1791 843 1848; x_wconf 93' lang='lat' dir='ltr'>ut</span> <span class='ocrx_word' id='word_1_19' title='bbox 856 1783 894 1847; x_wconf 87' lang='lat' dir='ltr'>P.</span> <span class='ocrx_word' id='word_1_20' title='bbox 909 1782 1004 1849; x_wconf 87' lang='lat' dir='ltr'>Sulla</span> <span class='ocrx_word' id='word_1_21' title='bbox 1019 1790 1055 1850; x_wconf 88' lang='lat' dir='ltr'>et</span> <span class='ocrx_word' id='word_1_22' title='bbox 1069 1791 1171 1850; x_wconf 90' lang='lat' dir='ltr'>antea</span> <span class='ocrx_word' id='word_1_23' title='bbox 1186 1785 1281 1872; x_wconf 87' lang='lat' dir='ltr'>digni·</span> 
     </span>
     <span class='ocr_line' id='line_1_6' title="bbox 243 1889 1282 1974; baseline 0 -22"><span class='ocrx_word' id='word_1_24' title='bbox 243 1890 323 1952; x_wconf 87' lang='lat' dir='ltr'>tatis</span> <span class='ocrx_word' id='word_1_25' title='bbox 352 1911 433 1954; x_wconf 90' lang='lat' dir='ltr'>suae</span> <span class='ocrx_word' id='word_1_26' title='bbox 462 1889 673 1974; x_wconf 86' lang='lat' dir='ltr'>splendorem</span> <span class='ocrx_word' id='word_1_27' title='bbox 706 1890 856 1973; x_wconf 80' lang='lat' dir='ltr'>optinere</span> <span class='ocrx_word' id='word_1_28' title='bbox 887 1895 923 1953; x_wconf 90' lang='lat' dir='ltr'>et</span> <span class='ocrx_word' id='word_1_29' title='bbox 951 1895 1029 1973; x_wconf 93' lang='lat' dir='ltr'>post</span> <span class='ocrx_word' id='word_1_30' title='bbox 1066 1889 1282 1954; x_wconf 72' lang='lat' dir='ltr'>calamitatem</span> 
     </span>
     <span class='ocr_line' id='line_1_7' title="bbox 242 1993 1284 2079; baseline 0.002 -23"><span class='ocrx_word' id='word_1_31' title='bbox 242 2001 415 2078; x_wconf 83' lang='lat' dir='ltr'>acceptam</span> <span class='ocrx_word' id='word_1_32' title='bbox 437 1993 618 2058; x_wconf 89' lang='lat' dir='ltr'>modestiae</span> <span class='ocrx_word' id='word_1_33' title='bbox 647 1993 798 2057; x_wconf 89' lang='lat' dir='ltr'>fructum</span> <span class='ocrx_word' id='word_1_34' title='bbox 826 1994 973 2077; x_wconf 88' lang='lat' dir='ltr'>aliquem</span> <span class='ocrx_word' id='word_1_35' title='bbox 1001 1994 1173 2078; x_wconf 87' lang='lat' dir='ltr'>percipere</span> <span class='ocrx_word' id='word_1_36' title='bbox 1196 2001 1284 2079; x_wconf 89' lang='lat' dir='ltr'>potu-</span> 
     </span>
     <span class='ocr_line' id='line_1_8' title="bbox 244 2096 1285 2183; baseline 0.001 -24"><span class='ocrx_word' id='word_1_37' title='bbox 244 2098 344 2173; x_wconf 84' lang='lat' dir='ltr'>isset3</span> <span class='ocrx_word' id='word_1_38' title='bbox 367 2097 427 2163; x_wconf 91' lang='lat' dir='ltr'>sed</span> <span class='ocrx_word' id='word_1_39' title='bbox 453 2100 613 2183; x_wconf 91' lang='lat' dir='ltr'>quoniam</span> <span class='ocrx_word' id='word_1_40' title='bbox 642 2099 690 2161; x_wconf 92' lang='lat' dir='ltr'>ita</span> <span class='ocrx_word' id='word_1_41' title='bbox 717 2097 798 2160; x_wconf 90' lang='lat' dir='ltr'>tulit</span> <span class='ocrx_word' id='word_1_42' title='bbox 824 2119 921 2162; x_wconf 88' lang='lat' dir='ltr'>casus</span> <span class='ocrx_word' id='word_1_43' title='bbox 948 2096 1104 2174; x_wconf 87' lang='lat' dir='ltr'>infestus,</span> <span class='ocrx_word' id='word_1_44' title='bbox 1122 2105 1163 2161; x_wconf 92' lang='lat' dir='ltr'>ut</span> <span class='ocrx_word' id='word_1_45' title='bbox 1178 2106 1285 2162; x_wconf 90' lang='lat' dir='ltr'>etam-</span> 
     </span>
    </p>

    <p class='ocr_par' dir='ltr' id='par_1_6' title="bbox 204 2201 1374 2393">
     <span class='ocr_line' id='line_1_9' title="bbox 204 2201 1283 2287; baseline 0.002 -25"><span class='ocrx_word' id='word_1_46' title='bbox 204 2218 220 2263; x_wconf 85' lang='lat'><strong>5</strong></span> <span class='ocrx_word' id='word_1_47' title='bbox 242 2202 393 2287; x_wconf 92' lang='lat' dir='ltr'>plissimo</span> <span class='ocrx_word' id='word_1_48' title='bbox 408 2204 532 2268; x_wconf 89' lang='lat' dir='ltr'>honore</span> <span class='ocrx_word' id='word_1_49' title='bbox 548 2226 625 2268; x_wconf 91' lang='lat' dir='ltr'>cum</span> <span class='ocrx_word' id='word_1_50' title='bbox 649 2203 820 2268; x_wconf 91' lang='lat' dir='ltr'>communi</span> <span class='ocrx_word' id='word_1_51' title='bbox 843 2201 1036 2266; x_wconf 86' lang='lat' dir='ltr'>ambitionis</span> <span class='ocrx_word' id='word_1_52' title='bbox 1059 2201 1201 2279; x_wconf 85' lang='lat' dir='ltr'>invidia,</span> <span class='ocrx_word' id='word_1_53' title='bbox 1218 2210 1283 2266; x_wconf 92' lang='lat' dir='ltr'>tum</span> 
     </span>
     <span class='ocr_line' id='line_1_10' title="bbox 243 2295 1374 2393; baseline 0 -23"><span class='ocrx_word' id='word_1_54' title='bbox 243 2307 407 2393; x_wconf 88' lang='lat' dir='ltr'>singulari</span> <span class='ocrx_word' id='word_1_55' title='bbox 433 2309 583 2373; x_wconf 87' lang='lat' dir='ltr'>Autroni</span> <span class='ocrx_word' id='word_1_56' title='bbox 609 2307 686 2371; x_wconf 92' lang='lat' dir='ltr'>odio</span> <span class='ocrx_word' id='word_1_57' title='bbox 710 2314 919 2372; x_wconf 87' lang='lat' dir='ltr'>everteretur</span> <span class='ocrx_word' id='word_1_58' title='bbox 944 2313 980 2370; x_wconf 90' lang='lat' dir='ltr'>et</span> <span class='ocrx_word' id='word_1_59' title='bbox 1002 2306 1038 2368; x_wconf 90' lang='lat' dir='ltr'>in</span> <span class='ocrx_word' id='word_1_60' title='bbox 1061 2305 1113 2370; x_wconf 91' lang='lat' dir='ltr'>his</span> <span class='ocrx_word' id='word_1_61' title='bbox 1130 2307 1286 2390; x_wconf 82' lang='lat' dir='ltr'>pristinae</span> <span class='ocrx_word' id='word_1_62' title='bbox 1357 2295 1374 2314; x_wconf 23' lang='lat'>&#39;¹</span> 
     </span>
    </p>

    <p class='ocr_par' dir='ltr' id='par_1_7' title="bbox 190 2407 1290 2706">
     <span class='ocr_line' id='line_1_11' title="bbox 190 2407 1289 2495; baseline 0.001 -22"><span class='ocrx_word' id='word_1_63' title='bbox 190 2445 195 2452; x_wconf 96' lang='lat'><em>·</em></span> <span class='ocrx_word' id='word_1_64' title='bbox 244 2410 399 2476; x_wconf 82' lang='lat' dir='ltr'>fortunae</span> <span class='ocrx_word' id='word_1_65' title='bbox 428 2413 581 2495; x_wconf 87' lang='lat' dir='ltr'>reliquiis</span> <span class='ocrx_word' id='word_1_66' title='bbox 612 2412 741 2476; x_wconf 89' lang='lat' dir='ltr'>miseris</span> <span class='ocrx_word' id='word_1_67' title='bbox 772 2416 808 2474; x_wconf 88' lang='lat' dir='ltr'>et</span> <span class='ocrx_word' id='word_1_68' title='bbox 837 2407 981 2474; x_wconf 84' lang='lat' dir='ltr'>adflictis</span> <span class='ocrx_word' id='word_1_69' title='bbox 1012 2417 1124 2474; x_wconf 88' lang='lat' dir='ltr'>tamen</span> <span class='ocrx_word' id='word_1_70' title='bbox 1155 2410 1289 2476; x_wconf 89' lang='lat' dir='ltr'>haberet</span> 
     </span>
     <span class='ocr_line' id='line_1_12' title="bbox 244 2514 1288 2599; baseline 0.001 -22"><span class='ocrx_word' id='word_1_71' title='bbox 244 2515 418 2599; x_wconf 87' lang='lat' dir='ltr'>quosdam,</span> <span class='ocrx_word' id='word_1_72' title='bbox 453 2537 596 2598; x_wconf 91' lang='lat' dir='ltr'>quorum</span> <span class='ocrx_word' id='word_1_73' title='bbox 632 2515 759 2578; x_wconf 89' lang='lat' dir='ltr'>animos</span> <span class='ocrx_word' id='word_1_74' title='bbox 791 2536 833 2578; x_wconf 90' lang='lat' dir='ltr'>ne</span> <span class='ocrx_word' id='word_1_75' title='bbox 863 2515 1030 2598; x_wconf 90' lang='lat' dir='ltr'>supplicio</span> <span class='ocrx_word' id='word_1_76' title='bbox 1061 2514 1199 2598; x_wconf 90' lang='lat' dir='ltr'>quidem</span> <span class='ocrx_word' id='word_1_77' title='bbox 1230 2537 1288 2579; x_wconf 90' lang='lat' dir='ltr'>suo</span> 
     </span>
     <span class='ocr_line' id='line_1_13' title="bbox 244 2617 1290 2706; baseline 0 -24"><span class='ocrx_word' id='word_1_78' title='bbox 244 2621 364 2683; x_wconf 90' lang='lat' dir='ltr'>satiare</span> <span class='ocrx_word' id='word_1_79' title='bbox 389 2626 509 2704; x_wconf 84' lang='lat' dir='ltr'>posset,</span> <span class='ocrx_word' id='word_1_80' title='bbox 526 2639 730 2702; x_wconf 87' lang='lat' dir='ltr'>quamquam</span> <span class='ocrx_word' id='word_1_81' title='bbox 753 2640 795 2682; x_wconf 83' lang='lat' dir='ltr'>ex</span> <span class='ocrx_word' id='word_1_82' title='bbox 825 2618 926 2682; x_wconf 88' lang='lat' dir='ltr'>huius</span> <span class='ocrx_word' id='word_1_83' title='bbox 956 2617 1175 2682; x_wconf 88' lang='lat' dir='ltr'>incommodis</span> <span class='ocrx_word' id='word_1_84' title='bbox 1204 2643 1290 2706; x_wconf 84' lang='lat' dir='ltr'>niag-</span> 
     </span>
    </p>

    <p class='ocr_par' dir='ltr' id='par_1_8' title="bbox 192 2723 1291 3224">
     <span class='ocr_line' id='line_1_14' title="bbox 192 2723 1290 2806; baseline 0.002 -20"><span class='ocrx_word' id='word_1_85' title='bbox 192 2742 221 2786; x_wconf 90' lang='lat'>10</span> <span class='ocrx_word' id='word_1_86' title='bbox 243 2743 321 2784; x_wconf 91' lang='lat' dir='ltr'>nam</span> <span class='ocrx_word' id='word_1_87' title='bbox 351 2723 462 2785; x_wconf 90' lang='lat' dir='ltr'>animo</span> <span class='ocrx_word' id='word_1_88' title='bbox 492 2723 677 2785; x_wconf 91' lang='lat' dir='ltr'>molestiam</span> <span class='ocrx_word' id='word_1_89' title='bbox 709 2723 812 2806; x_wconf 80' lang='lat' dir='ltr'>capio,</span> <span class='ocrx_word' id='word_1_90' title='bbox 845 2730 957 2786; x_wconf 88' lang='lat' dir='ltr'>tamen</span> <span class='ocrx_word' id='word_1_91' title='bbox 987 2723 1022 2784; x_wconf 91' lang='lat' dir='ltr'>in</span> <span class='ocrx_word' id='word_1_92' title='bbox 1047 2724 1172 2806; x_wconf 87' lang='lat' dir='ltr'>ceteris</span> <span class='ocrx_word' id='word_1_93' title='bbox 1196 2725 1290 2788; x_wconf 90' lang='lat' dir='ltr'>malis</span> 
     </span>
     <span class='ocr_line' id='line_1_15' title="bbox 244 2824 1290 2910; baseline 0.003 -23"><span class='ocrx_word' id='word_1_94' title='bbox 244 2824 343 2889; x_wconf 85' lang='lat' dir='ltr'>facile</span> <span class='ocrx_word' id='word_1_95' title='bbox 360 2826 468 2908; x_wconf 92' lang='lat' dir='ltr'>patior</span> <span class='ocrx_word' id='word_1_96' title='bbox 483 2825 631 2888; x_wconf 89' lang='lat' dir='ltr'>oblatum</span> <span class='ocrx_word' id='word_1_97' title='bbox 648 2825 730 2888; x_wconf 90' lang='lat' dir='ltr'>mihi</span> <span class='ocrx_word' id='word_1_98' title='bbox 747 2835 879 2909; x_wconf 89' lang='lat' dir='ltr'>tempus</span> <span class='ocrx_word' id='word_1_99' title='bbox 896 2847 978 2902; x_wconf 88' lang='lat' dir='ltr'>esse,</span> <span class='ocrx_word' id='word_1_100' title='bbox 996 2827 1031 2888; x_wconf 91' lang='lat' dir='ltr'>in</span> <span class='ocrx_word' id='word_1_101' title='bbox 1048 2848 1116 2910; x_wconf 93' lang='lat' dir='ltr'>quo</span> <span class='ocrx_word' id='word_1_102' title='bbox 1132 2825 1212 2891; x_wconf 92' lang='lat' dir='ltr'>boni</span> <span class='ocrx_word' id='word_1_103' title='bbox 1229 2829 1290 2892; x_wconf 88' lang='lat' dir='ltr'>viri</span> 
     </span>
     <span class='ocr_line' id='line_1_16' title="bbox 245 2929 1291 3015; baseline 0.004 -23"><span class='ocrx_word' id='word_1_104' title='bbox 245 2930 419 2994; x_wconf 90' lang='lat' dir='ltr'>lenitatem</span> <span class='ocrx_word' id='word_1_105' title='bbox 436 2949 540 2992; x_wconf 89' lang='lat' dir='ltr'>meam</span> <span class='ocrx_word' id='word_1_106' title='bbox 557 2929 884 3014; x_wconf 89' lang='lat' dir='ltr'>misericordiamque</span> <span class='ocrx_word' id='word_1_107' title='bbox 901 2938 1014 2993; x_wconf 89' lang='lat' dir='ltr'>notam</span> <span class='ocrx_word' id='word_1_108' title='bbox 1038 2931 1210 3015; x_wconf 91' lang='lat' dir='ltr'>quondam</span> <span class='ocrx_word' id='word_1_109' title='bbox 1227 2955 1291 2998; x_wconf 92' lang='lat' dir='ltr'>om·</span> 
     </span>
     <span class='ocr_line' id='line_1_17' title="bbox 246 3033 1289 3120; baseline 0.006 -25"><span class='ocrx_word' id='word_1_110' title='bbox 246 3033 354 3109; x_wconf 85' lang='lat' dir='ltr'>nibus,</span> <span class='ocrx_word' id='word_1_111' title='bbox 371 3054 461 3096; x_wconf 90' lang='lat' dir='ltr'>nunc</span> <span class='ocrx_word' id='word_1_112' title='bbox 484 3034 581 3116; x_wconf 91' lang='lat' dir='ltr'>quasi</span> <span class='ocrx_word' id='word_1_113' title='bbox 604 3034 827 3097; x_wconf 88' lang='lat' dir='ltr'>intermissam</span> <span class='ocrx_word' id='word_1_114' title='bbox 851 3042 1081 3119; x_wconf 86' lang='lat' dir='ltr'>agnoscerent,</span> <span class='ocrx_word' id='word_1_115' title='bbox 1099 3037 1232 3120; x_wconf 93' lang='lat' dir='ltr'>inprobi</span> <span class='ocrx_word' id='word_1_116' title='bbox 1254 3059 1289 3102; x_wconf 89' lang='lat' dir='ltr'>ac</span> 
     </span>
     <span class='ocr_line' id='line_1_18' title="bbox 245 3136 1288 3224; baseline 0.004 -22"><span class='ocrx_word' id='word_1_117' title='bbox 245 3137 367 3222; x_wconf 88' lang='lat' dir='ltr'>perditi</span> <span class='ocrx_word' id='word_1_118' title='bbox 406 3138 494 3201; x_wconf 84' lang='lat' dir='ltr'>cives</span> <span class='ocrx_word' id='word_1_119' title='bbox 532 3136 688 3202; x_wconf 90' lang='lat' dir='ltr'>redomiti</span> <span class='ocrx_word' id='word_1_120' title='bbox 719 3144 820 3221; x_wconf 91' lang='lat' dir='ltr'>atque</span> <span class='ocrx_word' id='word_1_121' title='bbox 856 3138 938 3203; x_wconf 83' lang='lat' dir='ltr'>victi</span> <span class='ocrx_word' id='word_1_122' title='bbox 976 3140 1218 3224; x_wconf 90' lang='lat' dir='ltr'>praecipitante</span> <span class='ocrx_word' id='word_1_123' title='bbox 1256 3165 1288 3206; x_wconf 90' lang='lat' dir='ltr'>rc</span> 
     </span>
    </p>

    <p class='ocr_par' dir='ltr' id='par_1_9' title="bbox 194 3240 1290 3335">
     <span class='ocr_line' id='line_1_19' title="bbox 194 3240 1290 3335; baseline 0.004 -30"><span class='ocrx_word' id='word_1_124' title='bbox 194 3261 221 3306; x_wconf 85' lang='lat'>15</span> <span class='ocrx_word' id='word_1_125' title='bbox 244 3241 378 3325; x_wconf 87' lang='lat' dir='ltr'>publica</span> <span class='ocrx_word' id='word_1_126' title='bbox 401 3241 633 3335; x_wconf 86' lang='lat' dir='ltr'>vehementem</span> <span class='ocrx_word' id='word_1_127' title='bbox 663 3263 717 3306; x_wconf 89' lang='lat' dir='ltr'>me</span> <span class='ocrx_word' id='word_1_128' title='bbox 747 3240 853 3306; x_wconf 85' lang='lat' dir='ltr'>fuisse</span> <span class='ocrx_word' id='word_1_129' title='bbox 880 3249 983 3327; x_wconf 88' lang='lat' dir='ltr'>atque</span> <span class='ocrx_word' id='word_1_130' title='bbox 1006 3241 1137 3320; x_wconf 83' lang='lat' dir='ltr'>fortem,</span> <span class='ocrx_word' id='word_1_131' title='bbox 1164 3267 1290 3311; x_wconf 89' lang='lat' dir='ltr'>conser-</span> 
     </span>
    </p>

    <p class='ocr_par' dir='ltr' id='par_1_10' title="bbox 203 3345 1288 3743">
     <span class='ocr_line' id='line_1_20' title="bbox 203 3345 1288 3433; baseline 0.004 -22"><span class='ocrx_word' id='word_1_132' title='bbox 203 3349 224 3411; x_wconf 84' lang='lat'><strong>2</strong></span> <span class='ocrx_word' id='word_1_133' title='bbox 247 3353 324 3410; x_wconf 89' lang='lat' dir='ltr'>vata</span> <span class='ocrx_word' id='word_1_134' title='bbox 343 3346 457 3409; x_wconf 89' lang='lat' dir='ltr'>mitem</span> <span class='ocrx_word' id='word_1_135' title='bbox 479 3366 517 3409; x_wconf 92' lang='lat' dir='ltr'>ac</span> <span class='ocrx_word' id='word_1_136' title='bbox 539 3345 785 3410; x_wconf 90' lang='lat' dir='ltr'>misericordem</span> <span class='ocrx_word' id='word_1_137' title='bbox 805 3345 1002 3411; x_wconf 85' lang='lat' dir='ltr'>faterentur.</span> <span class='ocrx_word' id='word_1_138' title='bbox 1059 3347 1113 3424; x_wconf 86' lang='lat' dir='ltr'>Et,</span> <span class='ocrx_word' id='word_1_139' title='bbox 1131 3353 1288 3433; x_wconf 92' lang='lat' dir='ltr'>quoniam</span> 
     </span>
     <span class='ocr_line' id='line_1_21' title="bbox 247 3449 1286 3535; baseline 0.008 -23"><span class='ocrx_word' id='word_1_140' title='bbox 247 3449 284 3512; x_wconf 90' lang='lat' dir='ltr'>L.</span> <span class='ocrx_word' id='word_1_141' title='bbox 306 3451 509 3535; x_wconf 87' lang='lat' dir='ltr'>Torquatus,</span> <span class='ocrx_word' id='word_1_142' title='bbox 533 3472 626 3514; x_wconf 90' lang='lat' dir='ltr'>meus</span> <span class='ocrx_word' id='word_1_143' title='bbox 649 3449 824 3514; x_wconf 86' lang='lat' dir='ltr'>familiaris</span> <span class='ocrx_word' id='word_1_144' title='bbox 848 3472 886 3514; x_wconf 89' lang='lat' dir='ltr'>ac</span> <span class='ocrx_word' id='word_1_145' title='bbox 909 3453 1126 3528; x_wconf 83' lang='lat' dir='ltr'>necessarius,</span> <span class='ocrx_word' id='word_1_146' title='bbox 1151 3453 1286 3530; x_wconf 85' lang='lat' dir='ltr'>iudices,</span> 
     </span>
     <span class='ocr_line' id='line_1_22' title="bbox 246 3555 1288 3641; baseline 0.003 -22"><span class='ocrx_word' id='word_1_147' title='bbox 246 3555 461 3631; x_wconf 85' lang='lat' dir='ltr'>existimavit,</span> <span class='ocrx_word' id='word_1_148' title='bbox 484 3555 513 3618; x_wconf 92' lang='lat' dir='ltr'>si</span> <span class='ocrx_word' id='word_1_149' title='bbox 544 3561 691 3641; x_wconf 84' lang='lat' dir='ltr'>nostram</span> <span class='ocrx_word' id='word_1_150' title='bbox 721 3555 757 3618; x_wconf 92' lang='lat' dir='ltr'>in</span> <span class='ocrx_word' id='word_1_151' title='bbox 787 3556 997 3620; x_wconf 87' lang='lat' dir='ltr'>accusatione</span> <span class='ocrx_word' id='word_1_152' title='bbox 1021 3577 1082 3620; x_wconf 90' lang='lat' dir='ltr'>sua</span> <span class='ocrx_word' id='word_1_153' title='bbox 1112 3561 1288 3623; x_wconf 90' lang='lat' dir='ltr'>necessitu-</span> 
     </span>
     <span class='ocr_line' id='line_1_23' title="bbox 245 3658 1287 3743; baseline 0.005 -22"><span class='ocrx_word' id='word_1_154' title='bbox 245 3658 356 3723; x_wconf 90' lang='lat' dir='ltr'>dinem</span> <span class='ocrx_word' id='word_1_155' title='bbox 373 3658 700 3743; x_wconf 86' lang='lat' dir='ltr'>familiaritatemque</span> <span class='ocrx_word' id='word_1_156' title='bbox 718 3659 887 3734; x_wconf 90' lang='lat' dir='ltr'>violasset‚</span> <span class='ocrx_word' id='word_1_157' title='bbox 904 3659 1033 3743; x_wconf 87' lang='lat' dir='ltr'>aliquid</span> <span class='ocrx_word' id='word_1_158' title='bbox 1056 3681 1091 3724; x_wconf 86' lang='lat' dir='ltr'>se</span> <span class='ocrx_word' id='word_1_159' title='bbox 1115 3659 1156 3725; x_wconf 92' lang='lat' dir='ltr'>de</span> <span class='ocrx_word' id='word_1_160' title='bbox 1180 3670 1287 3727; x_wconf 90' lang='lat' dir='ltr'>aucto·</span> 
     </span>
    </p>

    <p class='ocr_par' dir='ltr' id='par_1_11' title="bbox 193 3753 1285 3844">
     <span class='ocr_line' id='line_1_24' title="bbox 193 3753 1285 3844; baseline 0 -15"><span class='ocrx_word' id='word_1_161' title='bbox 193 3781 223 3829; x_wconf 83' lang='lat'>20</span> <span class='ocrx_word' id='word_1_162' title='bbox 245 3763 341 3827; x_wconf 80' lang='lat' dir='ltr'>ritate</span> <span class='ocrx_word' id='word_1_163' title='bbox 374 3785 464 3827; x_wconf 89' lang='lat' dir='ltr'>meae</span> <span class='ocrx_word' id='word_1_164' title='bbox 495 3762 699 3826; x_wconf 86' lang='lat' dir='ltr'>defensionis</span> <span class='ocrx_word' id='word_1_165' title='bbox 731 3753 827 3844; x_wconf 79' lang='lat' dir='ltr'>posse</span> <span class='ocrx_word' id='word_1_166' title='bbox 858 3761 1043 3838; x_wconf 80' lang='lat' dir='ltr'>detrahere,</span> <span class='ocrx_word' id='word_1_167' title='bbox 1075 3785 1152 3826; x_wconf 92' lang='lat' dir='ltr'>cum</span> <span class='ocrx_word' id='word_1_168' title='bbox 1191 3765 1285 3829; x_wconf 81' lang='lat' dir='ltr'>liuius</span> 
     </span>
    </p>
   </div>
   <div class='ocr_carea' id='block_1_6' title="bbox 0 0 1404 4367">
    <p class='ocr_par' dir='ltr' id='par_1_12' title="bbox 0 0 1404 4367">
     <span class='ocr_line' id='line_1_25' title="bbox 0 0 1404 4367; baseline 0 0"><span class='ocrx_word' id='word_1_169' title='bbox 0 0 1404 4367; x_wconf 95' lang='lat' dir='ltr'> </span> 
     </span>
    </p>
   </div>
  </div>
 </body>
</html>
