2800 4367
205 293 268 358 258
467 305 539 356 rao
562 307 592 355 r.
618 303 739 355 1111110
762 303 905 354 ursona
928 303 1077 354 oaxrro.

257 485 443 553 versantur,
466 499 551 562 quas
577 477 635 542 ille
663 477 767 563 leges„
791 477 820 541 si
848 476 939 562 leges
970 474 1194 540 nominandae
1224 484 1314 540 sunt

203 599 233 644 115
255 605 293 648 ac
320 605 387 665 non
415 581 504 646 faces
532 580 632 657 urbia,
656 589 768 665 pestes
792 581 839 645 rei
862 580 1027 666 publicae,
1045 579 1150 644 fuerit
1173 581 1314 666 imposi-

258 695 354 752 turus
370 685 465 750 uobis
481 685 635 750 omnibus
650 692 752 769 atque
770 685 968 750 inusturus?
1013 684 1156 760 Exhibe,
1168 706 1310 769 quaese,

257 790 359 856 Sexte
377 789 485 866 Clodi,
502 789 621 854 exhibe
646 789 820 854 librarium
849 787 936 853 illud
961 789 1077 875 legum
1105 795 1311 864 vestrarum,

259 894 351 980 qnod
379 902 412 958 te
440 895 536 958 aiunt
562 895 723 978 eripuisse
748 915 766 958 e
794 893 892 957 domo
919 900 955 957 et
981 915 1023 958 ex
1055 891 1173 957 mediis
1204 895 1311 956 armis

257 999 422 1083 turbaque
455 1006 620 1063 nocturna
646 1005 818 1082 tamquam
845 997 1036 1062 Palladium
1067 998 1238 1074 extulisse,
1267 1005 1313 1060 ut

204 1119 234 1164 ao
255 1103 462 1188 praeclarum
479 1103 638 1167 videlicet
652 1123 776 1167 munus
793 1109 896 1188 atque
915 1103 1178 1166 instrumentum
1202 1102 1311 1165 tribu-

257 1215 357 1272 natus
387 1207 429 1271 ad
459 1208 616 1292 aliquem,
647 1207 676 1270 si
698 1195 827 1272 ⁸nactus
858 1228 957 1284 essee,
986 1208 1046 1291 qui
1076 1214 1135 1271 tuo
1166 1206 1311 1270 arbitrio

257 1311 465 1376 tribunatum
495 1318 635 1396 gereret,
667 1309 797 1375 deferre
812 1299 952 1396 'posses
1013 1311 1060 1375 Et
1089 1311 1221 1394 aspexit
1252 1332 1310 1374 me

257 1415 325 1479 illis
350 1413 486 1499 quidem
511 1414 627 1490 oculis,
645 1413 768 1498 quibus
794 1422 868 1479 tum
894 1414 1032 1491 solebat,
1049 1435 1126 1479 cum
1149 1413 1311 1478 omnibns

257 1520 368 1583 omnia
397 1516 596 1581 minabatur.
643 1516 763 1582 Movet
793 1540 844 1584 me
870 1520 995 1603 quippe
1026 1519 1140 1583 lumen
1172 1516 1309 1582 curiae!

186 1657 189 1660 ⁴
257 1640 339 1686 xm.
371 1619 490 1700 Quid?
528 1628 567 1684 tn
597 1643 648 1686 me
681 1621 742 1687 tibi
773 1623 907 1700 iratum,
931 1621 1047 1700 Sexte,
1070 1629 1181 1706 putea,
1207 1623 1311 1686 cuius

257 1735 296 1792 tu
323 1725 589 1790 inimicissimum
618 1727 726 1790 multo
754 1727 923 1792 crudelius
950 1728 1051 1790 etiam
1078 1728 1233 1810 poenitus
1258 1749 1310 1803 ea,

258 1853 357 1915 quam
381 1838 453 1894 erat
475 1830 693 1895 humanitatis
718 1852 809 1896 meae
833 1831 1029 1916 postulare?
1075 1830 1128 1893 Tu
1148 1829 1186 1892 Ρ.
1205 1830 1311 1894 Clodi

257 1942 436 2000 cruentum
481 1935 622 2000 cadaver
667 1935 796 2000 eiecisti
834 1934 941 2011 domc,
980 1942 1020 1998 tn
1059 1934 1093 1996 in
1130 1933 1311 2019 publicum

218 2039 415 2116 sabiecisti,
447 2046 486 2103 tn
518 2038 700 2123 spoliatum
736 2037 947 2124 imaginibus,
979 2039 1140 2122 exequiis,
1167 2033 1309 2123 pompa,

257 2144 459 2220 laudatione,
474 2143 713 2208 infelicissimis
737 2143 837 2229 lignis
861 2135 1109 2207 semustilatum
1132 2145 1310 2208 nocturnis

258 2248 396 2314 canibus
429 2247 659 2313 dilaniandum
692 2247 868 2331 reliquisti.
933 2245 1055 2325 Quare,
1084 2247 1145 2311 etsi
1177 2247 1310 2312 nefarie

255 2352 376 2431 iecisti,
401 2361 522 2430 tamen,
547 2353 706 2436 quoniam
734 2352 769 2413 in
800 2372 873 2415 meo
905 2351 1040 2414 inimico
1071 2349 1309 2416 crudelitatem

258 2459 493 2542 exprompsisti
523 2465 625 2533 tuam,
653 2455 790 2520 laudare
818 2477 885 2520 non
912 2476 1059 2539 possum,
1087 2455 1183 2519 irasci
1215 2463 1309 2522 certe

206 2574 235 2619 10
257 2582 322 2625 uon
339 2561 453 2626 debeo.
750 2546 752 2550 ’

205 2670 246 2732 34
299 2664 464 2740 Audistis,
497 2664 634 2742 iudices,
660 2672 826 2750 quantum
850 2663 948 2728 Clodi
974 2662 1167 2728 interfuerit
1198 2665 1310 2729 occidi

259 2770 438 2844 Milouem;
456 2770 640 2834 convertite
658 2770 785 2833 animos
803 2790 893 2834 nuuc
906 2769 1054 2834 vicissim
1070 2767 1113 2831 ad
1129 2767 1310 2834 Milonem.

260 2872 351 2952 Quid
379 2872 516 2937 Milonis
542 2874 705 2938 intererat
731 2873 872 2938 interfici
901 2872 1083 2937 Clodium?
1113 2872 1196 2957 quid
1224 2883 1309 2950 erat,

259 2999 319 3042 cur
334 2976 418 3041 Milo
434 2998 501 3040 non
511 2976 618 3041 dicam
629 2977 833 3054 admitteret,
847 2977 907 3042 sed
919 2977 1076 3062 optaret?
1120 2977 1312 3043 ‘Obstabat

207 3097 235 3142 15
257 3081 292 3144 in
308 3103 366 3167 spe
390 3081 583 3145 consulatus
601 3080 722 3144 Miloni
746 3079 907 3145 Clodius?
954 3081 1005 3144 At
1030 3101 1068 3145 eo
1093 3091 1309 3167 repugnante

262 3185 370 3261 fiebat,
387 3185 487 3249 immo
503 3206 581 3249 vero
597 3207 636 3250 eo
665 3184 765 3249 fiebat
788 3185 903 3271 magis,
921 3207 982 3250 nec
1006 3206 1058 3250 me
1082 3183 1308 3272 suffragatore

258 3289 393 3354 meliore
424 3287 584 3352 utebatur
614 3310 715 3374 quarn
746 3287 876 3353 Clodio.
909 3289 1081 3354 'Valebat
1111 3289 1202 3373 apud
1234 3313 1307 3366 voa,

259 3393 395 3469 iudiceS,
412 3392 550 3457 Milonis
568 3415 653 3480 ‚erga
678 3415 730 3458 me
756 3415 893 3479 remque
917 3393 1086 3478 publicam
1108 3395 1308 3458 meritorum

260 3498 426 3572 memoria,
451 3496 606 3561 valebant
631 3519 745 3582 preces
771 3504 805 3562 et
833 3498 988 3562 lacrimae
1014 3505 1157 3573 nostrae,
1182 3498 1306 3582 quibus

206 3618 236 3663 ac
258 3623 320 3687 ego
337 3609 408 3665 tum
425 3622 486 3665 vos
502 3601 639 3665 mirifice
656 3601 782 3666 moveri
804 3600 998 3677 sentiebam,
1015 3600 1074 3666 sed
1096 3601 1173 3685 plus
1197 3602 1306 3665 multo

260 3703 394 3770 valebat
417 3705 643 3787 periculorum
668 3703 927 3789 inpendentium
953 3705 1060 3768 timor.
1108 3703 1194 3783 Quis
1214 3706 1305 3770 eninr

252 3813 323 3873 erat
344 3807 479 3882 civium,
495 3808 555 3890 qui
578 3807 641 3871 sibi
664 3807 809 3870 solutam
834 3806 871 3869 P.
897 3806 995 3872 Clodi
1016 3814 1206 3890 praeturam
1232 3811 1303 3874 sine
