2800 4367
186 330 229 397 56
515 340 587 393 rao
607 338 638 392 1.
663 340 824 393 suarm
846 339 996 393 onemo.

238 516 397 581 eximiam
433 514 634 601 dignitatem
666 514 848 599 plurimum
887 513 926 577 L.
957 513 1079 579 Cottae
1108 513 1293 599 profuisse.

238 619 430 684 Noluerunt
455 619 693 703 sapientissimi
719 618 880 694 homiues,
908 619 968 702 qui
996 627 1069 683 tum
1100 640 1172 683 rem
1197 619 1294 683 illam

237 722 439 799 iudicabant,
456 723 504 787 ita
525 742 730 806 quemquam
754 722 873 787 cadere
895 723 931 785 in
957 722 1092 798 iudicio,
1108 730 1150 785 ut
1176 723 1292 786 nimiis

187 832 226 896 59
237 827 418 893 adversarii
455 825 581 891 viribus
617 825 766 891 abiectus
803 824 983 891 videretur.
1042 825 1161 904 Quid?
1221 825 1291 891 Ser.

188 944 216 993 *ο
239 931 381 996 Galbam
410 932 507 1015 (nam
534 929 695 995 traditum
723 931 900 995 memoriae
926 931 997 1013 est)
1027 952 1138 995 nonne
1163 952 1293 1015 proavo

238 1044 307 1111 tuo,
339 1034 522 1099 fortissimo
560 1042 662 1119 atque
692 1032 928 1098 florentissimo
958 1035 1040 1110 viro,
1073 1034 1120 1097 M.
1155 1033 1290 1111 Catoni,

238 1138 444 1205 incumbenti
471 1137 513 1203 ad
540 1138 612 1203 eius
643 1138 824 1223 perniciem
850 1138 995 1223 populus
1027 1139 1200 1203 Romanus
1231 1142 1293 1204 eri·
1371 1147 1372 1150 ’

238 1243 338 1329 puit?
391 1242 530 1327 Semper
554 1242 588 1305 in
617 1242 678 1307 hac
705 1243 843 1306 civitate
870 1242 970 1306 nimis
996 1243 1127 1328 magnis
1155 1264 1292 1308 accusa·

238 1356 349 1413 torum
382 1346 501 1433 opibus
532 1353 567 1411 et
597 1346 742 1431 populus
773 1348 951 1411 universus
987 1354 1023 1409 et
1050 1348 1222 1431 sapientes
1252 1370 1290 1412 ac

190 1466 215 1513 a
236 1452 383 1516 multum
410 1450 445 1513 in
470 1457 643 1535 posterum
662 1450 902 1535 prospicientes
925 1449 1054 1515 iudices
1077 1452 1289 1515 restiterunt.

237 1554 324 1619 Nolo
340 1562 515 1619 accusator
529 1554 566 1616 in
581 1552 744 1619 iudicium
766 1555 952 1638 potentiam
968 1552 1109 1631 adferat,
1126 1576 1196 1619 non
1218 1558 1288 1621 vim

237 1660 392 1724 maiorem
420 1657 577 1743 aliquam,
605 1679 673 1722 non
700 1658 935 1723 auctoritatem
961 1658 1194 1734 excellentem,
1220 1681 1289 1723 non

238 1764 373 1827 nimiam
399 1764 551 1849 gratiam.
613 1762 761 1827 Valeant
796 1762 878 1827 haec
916 1763 1028 1826 omnia
1064 1762 1108 1827 ad
1140 1764 1289 1829 salutem

236 1868 476 1943 innocentium,
493 1865 536 1929 ad
559 1887 655 1950 opem
680 1867 927 1951 impotentium,
946 1865 989 1931 ad
1014 1867 1181 1931 auxilium
1203 1867 1290 1933 cala-
1373 1943 1374 1962 χ

185 1986 215 2031 30
237 1973 441 2047 mitosorum‚
473 1971 507 2033 in
539 1969 688 2055 periculo
722 1993 800 2035 vero
834 1980 869 2035 et
905 1972 938 2033 in
976 1972 1124 2055 pernicie
1158 1973 1288 2037 civium

186 2074 464 2161 fflrepudientur.
511 2072 596 2137 Nam
624 2074 652 2137 si
680 2075 757 2158 quis
784 2075 846 2138 hoc
874 2074 961 2139 forte
992 2073 1092 2149 dicet,
1121 2073 1288 2141 Catonem

236 2178 474 2245 descensurum
498 2176 540 2242 ad
563 2177 789 2243 accusandum
815 2201 881 2244 non
903 2178 1019 2255 fuisse,
1035 2179 1100 2242 nisi
1125 2180 1219 2264 prius
1243 2180 1304 2250 dev

236 2305 336 2349 causa
362 2282 553 2359 iudicasset,
581 2282 733 2367 iniquam
759 2284 878 2369 legem,
905 2283 1041 2359 iudices,
1069 2291 1104 2347 et
1130 2285 1286 2348 miseram

235 2388 464 2452 condicionem
482 2388 637 2451 instituet
652 2388 809 2471 perieulis
834 2388 1017 2463 hominum,
1033 2388 1061 2451 si
1077 2388 1288 2452 existimabit

183 2508 213 2554 35
235 2492 397 2557 iudicium
426 2492 628 2557 accusatoris
659 2492 694 2555 in
725 2514 818 2557 reum
849 2514 909 2577 pro
936 2494 1049 2576 aliquo
1079 2491 1286 2578 praeiudicio

236 2598 345 2662 valere
362 2605 523 2681 oportere.

278 2719 384 2765 xrssx.
417 2701 490 2787 Ego
521 2709 619 2767 tuum
657 2702 846 2777 consilium,
878 2700 974 2779 Cato,
1005 2711 1141 2787 propter
1170 2703 1285 2789 singu-

234 2806 302 2871 lare
325 2806 426 2869 animi
451 2807 514 2870 mei
538 2805 579 2870 de
603 2814 662 2871 tua
678 2808 805 2872 virtute
830 2805 989 2870 iudicium
1008 2808 1198 2890 vituperare
1215 2830 1284 2870 non

234 2932 369 2994 possum
383 2932 391 2983 ;
408 2931 474 2973 non
491 2910 585 2974 nulla
601 2910 741 2975 forsitan
764 2910 971 2975 conformare
988 2918 1023 2973 et
1038 2910 1159 2975 leviter
1174 2933 1283 2975 emen-

233 3014 310 3078 dare
341 3014 475 3097 possim.
524 3014 637 3077 ‘Non
677 3014 822 3077 multa
860 3011 1041 3096 peccas?
1081 3014 1194 3095 inquit
1223 3015 1282 3079 ille

196 3116 407 3181 sfortissimo
438 3120 510 3182 viro
540 3119 651 3182 senior
688 3118 858 3201 magister,
892 3114 986 3177 ‘sed
1024 3134 1207 3195 peccas3
1240 3127 1281 3182 te

234 3242 391 3307 regere
417 3244 553 3307 possu
564 3221 618 3284 m.'
658 3221 708 3284 At
722 3241 786 3305 ego
801 3239 868 3281 non
881 3225 933 3291 te3
956 3216 1126 3282 verissime
1138 3214 1280 3283 dixerim

233 3322 368 3409 peccare
385 3334 418 3390 te
434 3325 518 3388 nihil
535 3345 645 3407 neque
662 3323 733 3385 ulla
747 3323 782 3384 in
799 3329 883 3385 rete
907 3342 978 3385 esse
1002 3319 1103 3383 huius
1124 3321 1224 3399 modi,
1243 3333 1282 3387 ut

233 3428 449 3516 corrigendus
491 3430 602 3512 potius
641 3448 743 3510 quam
781 3425 902 3489 leviter
943 3423 1166 3491 inflectendus
1208 3448 1278 3493 esse
1369 3420 1372 3429 '

233 3533 376 3600 videare.
422 3532 540 3595 Finxit
564 3532 652 3595 enim
679 3540 714 3595 te
740 3532 813 3615 ipsa
839 3538 959 3593 natura
985 3529 1029 3595 ad
1058 3530 1278 3607 honestatem,

183 3651 211 3696 10
232 3638 441 3723 gravitatem,
470 3637 735 3720 temperantiam,
764 3634 1031 3721 magnitudinem
1057 3637 1171 3713 animi,
1187 3637 1279 3701 iusti·

234 3742 324 3816 tiam,
340 3739 383 3804 ad
399 3762 513 3805 omnes
536 3739 682 3827 denique
704 3742 848 3807 virtutes
872 3762 1031 3829 magnum
1056 3740 1222 3805 hominem
1245 3748 1280 3805 et

233 3844 413 3909 excelsum.
460 3846 615 3911 Accessit
641 3848 728 3911 istuc
754 3847 907 3911 doctrina
933 3868 1001 3911 non
1024 3844 1196 3909 moderata
1217 3864 1277 3907 nec
