2800 4367
185 326 226 389 80
448 338 590 387 oaa'rm
613 338 653 389 m
676 338 888 388 crnmusu
912 337 1062 388 samm.

237 510 317 573 deos
344 511 536 593 pertineret,
561 509 794 594 praetermissa
816 517 877 574 est.
925 509 1088 595 Idemque
1112 512 1313 575 iusserunt

236 613 451 677 simulacrum
469 612 559 677 Iovis
576 612 684 677 lacere
702 613 810 677 maius
834 622 869 677 et
891 615 927 676 in
950 615 1084 678 excelso
1108 614 1310 677 conlocare

184 735 214 779 ao
235 726 270 782 et
284 726 409 793 contra,
428 724 529 801 atque
553 724 653 781 antea
675 716 798 804 fuerat,
814 717 857 781 ad
879 718 1043 782 orientem
1067 726 1308 790 convertere3

236 842 275 885 ac
299 842 334 886 sc
358 842 490 905 sperare
515 821 685 897 dixerunt,
702 822 731 885 si
754 820 841 885 illud
863 822 1010 907 siguum,
1035 821 1127 907 quod
1151 821 1308 897 videtis,

237 926 316 991 solis
332 932 441 989 ortum
460 924 620 989 otiorum
645 926 841 1010 curiamque
864 928 1081 1011 conspiceret,
1098 926 1173 991 iore
1193 934 1247 989 ut
1264 948 1309 990 ea

237 1030 385 1104 consilia,
402 1050 488 1113 quae
515 1029 599 1093 clam
630 1038 743 1093 assent
769 1031 854 1094 inita
881 1039 998 1095 contra
1024 1032 1169 1095 salutem
1195 1031 1307 1095 urbis

239 1141 341 1218 atque
368 1134 509 1218 imperii,
527 1134 799 1210 inlustrarentur,
824 1142 865 1199 ut
890 1156 910 1198 a
937 1142 1057 1199 senatu
1088 1136 1307 1219 populoque

184 1258 213 1301 35
237 1240 386 1303 Romano
408 1238 552 1322 perspici
579 1246 726 1323 possent.
774 1238 891 1323 Atque
917 1238 1004 1303 illud
1027 1240 1162 1326 signum
1188 1240 1307 1303 collo-

240 1342 383 1407 candum
400 1343 555 1407 consules
571 1342 622 1406 illi
642 1343 859 1419 locaverunt3
883 1342 942 1408 sed
965 1351 1060 1408 tanta
1082 1342 1151 1407 fuit
1176 1346 1307 1428 operis

236 1447 385 1523 tarditas,
403 1453 442 1510 ut
457 1468 567 1533 neque
587 1446 815 1532 superioribus
839 1448 1033 1512 oonsulibus
1055 1468 1165 1532 neque
1191 1448 1306 1520 nobis

185 1553 222 1614 21
237 1559 314 1616 ante
353 1551 551 1617 hodiernum
589 1550 677 1616 diem
717 1552 947 1616 collocaretur.
1007 1570 1059 1615 1x.
1102 1552 1169 1616 Hic
1210 1555 1306 1637 quis

237 1664 445 1741 potestesse,
463 1656 624 1735 Quirites,
641 1663 711 1720 tarn
731 1677 869 1721 aversus
891 1678 1016 1733 aveto,
1033 1664 1101 1721 tam
1125 1678 1307 1743 praeceps

237 1770 303 1825 tam
321 1770 432 1826 mente
448 1769 576 1847 captus
595 1763 654 1846 qui
670 1769 772 1847 neget
787 1761 868 1826 haec
884 1762 1005 1838 omnia,
1016 1782 1103 1846 quae
1119 1761 1307 1840 videmus,

237 1867 479 1951 praecipueque
494 1866 579 1930 hanc
597 1865 712 1931 urbem
728 1865 866 1931 deorum
883 1867 1112 1931 inmortalium
1135 1874 1229 1929 nutu
1259 1890 1307 1934 ac

199 1990 213 2032 5
237 1978 402 2056 potestate
422 1969 671 2035 administrari?
717 1971 864 2047 Etenim,
881 1992 958 2036 cum
974 1979 1063 2036 esset
1082 1972 1130 2035 ita
1152 1993 1307 2055 respon-

236 2098 320 2152 sum,
338 2075 465 2151 caedes
483 2074 646 2150 incendia,
666 2076 843 2139 interitum
858 2077 907 2141 rei
922 2074 1072 2162 publicae
1092 2079 1304 2160 comparari,

237 2190 271 2245 et
300 2202 339 2244 ea
372 2201 431 2263 per
470 2180 571 2254 civeS,
604 2200 690 2263 quae
730 2189 802 2244 tum
842 2188 978 2266 propter
1014 2179 1302 2267 magnitudinem
1345 2257 1347 2260 ยน

236 2286 398 2349 scelerum
413 2305 480 2348 non
494 2283 598 2348 nullis
611 2283 820 2348 incredibilia
832 2284 1042 2361 videbantur,
1054 2306 1094 2351 eo
1106 2306 1172 2348 nou
1187 2286 1304 2350 modo

237 2392 383 2475 cogitata
398 2410 418 2453 a
435 2388 571 2453 nefariis
596 2388 737 2465 civibus
754 2412 872 2454 verum
901 2392 1003 2455 etiam
1029 2396 1185 2475 suscepta
1211 2412 1300 2457 esse

186 2510 214 2553 10
236 2494 397 2559 sensistis.
444 2492 537 2557 Illud
554 2515 633 2558 vero
659 2516 770 2558 nonne
799 2496 846 2559 ita
873 2516 1029 2580 praesens
1056 2502 1118 2570 est,
1134 2501 1175 2558 ut
1197 2504 1298 2559 nutu

237 2598 326 2663 Iovis
358 2598 476 2683 optimi
507 2599 642 2662 maximi
674 2596 802 2663 factum
833 2622 905 2665 esse
937 2598 1103 2675 videatur,
1130 2606 1179 2674 ut,
1208 2618 1296 2663 curn

236 2702 397 2767 hodierno
413 2701 467 2767 die
484 2724 578 2767 mane
595 2726 655 2788 per
671 2702 781 2767 forum
799 2726 872 2769 meo
895 2705 990 2769 iussu
1013 2710 1049 2769 et
1072 2703 1236 2768 coniurati
1256 2713 1298 2769 et

236 2828 349 2870 eorum
366 2806 494 2872 indices
509 2809 544 2871 in
561 2808 675 2872 aedem
694 2807 900 2873 Concordiae
924 2808 1137 2884 ducerentur,
1151 2829 1190 2871 eo
1213 2808 1294 2892 ipso

236 2919 384 2996 tempore
400 2913 533 2999 signum
553 2913 784 2978 statueretur?
830 2912 907 2992 Quo
930 2913 1094 2977 collocato
1117 2921 1220 2997 atque
1244 2912 1292 2976 ad

187 3032 214 3075 15
237 3038 296 3079 vos
312 3023 534 3101 senatumque
552 3001 712 3081 convdrso
729 3016 840 3079 omnia
856 3037 942 3099 quae
959 3022 1054 3078 erant
1070 3022 1186 3079 contra
1201 3014 1292 3079 saln-

240 3128 307 3185 tem
325 3122 475 3185 omnium
496 3122 652 3208 cogitata,
680 3120 861 3183 inlustrata
887 3126 922 3181 et
947 3116 1116 3201 patefacta
1143 3119 1289 3183 vidistis.

185 3228 225 3290 22
238 3224 315 3304 Quo
331 3226 430 3290 etiam
449 3227 572 3289 maiore
589 3232 671 3289 sunt
687 3224 743 3286 isti
761 3222 837 3285 odio
853 3221 1088 3307 supplicioque
1105 3222 1210 3310 digni,
1227 3224 1289 3307 qui

238 3351 305 3393 non
332 3331 440 3393 solum
469 3330 589 3394 vestris
617 3326 794 3390 domiciliis
825 3333 926 3410 atque
959 3328 1067 3402 tectis,
1096 3328 1155 3391 sed
1185 3330 1287 3392 etiam

238 3434 374 3498 deorum
394 3432 530 3517 templis
546 3438 648 3515 atque
666 3429 814 3494 delubris
831 3438 912 3495 sunt
925 3431 1078 3495 funestos
1091 3453 1128 3494 ac
1142 3431 1289 3495 nefarios

186 3554 216 3599 an
238 3540 332 3625 ignes
349 3536 473 3602 inferre
490 3538 610 3601 conati.
658 3534 791 3614 Quibus
807 3559 869 3622 ego
881 3538 909 3601 si
923 3559 974 3601 me
987 3537 1149 3601 restitisse
1166 3535 1287 3612 dicam,
1387 3541 1388 3622 l

238 3644 379 3706 nimium
414 3640 494 3704 mihi
518 3662 646 3705 sumam
671 3649 707 3705 et
729 3662 796 3705 non
826 3644 888 3706 sim
922 3640 1100 3715 ferendus3
1136 3642 1204 3716 ille,
1230 3641 1287 3704 ille

239 3747 392 3833 Iuppiter
407 3747 548 3822 restitit3
574 3746 631 3811 ille
651 3746 867 3831 Capitolium,
886 3747 944 3811 ille
968 3746 1049 3810 haec
1073 3746 1208 3828 templa,
1226 3745 1284 3807 ille

239 3861 392 3916 cunctam
411 3852 538 3929 urbem,
556 3852 613 3919 ille
631 3874 690 3919 vos
708 3852 816 3919 omnis
832 3852 943 3918 salvos
962 3872 1032 3913 esse
1057 3848 1177 3911 voluit.
1223 3847 1287 3911 Dis
