2800 4367
472 383 552 436 car.
579 385 665 444 1a19,
685 387 699 450 s
722 385 809 438 mss.
1143 370 1208 438 119

100 573 180 618 cum
213 555 365 620 Catilina
395 555 613 642 egrederetur
639 556 682 620 ad
710 559 905 634 exereitum,
930 557 1095 624 Lentulus
1119 559 1154 622 in

99 659 183 724 urbe
212 661 477 745 relinqueretur,
499 660 637 726 Cassius
664 661 840 739 incendiis,
866 661 1037 748 Cethegus
1061 661 1155 727 caedi

98 771 376 848 praeponeretur,
397 765 576 842 Autronio,
601 774 641 830 ut
663 774 845 850 occuparet
868 766 1048 840 Etruriam,
1064 787 1155 850 prae

98 867 316 945 scriberetur,
352 891 429 933 eum
467 869 579 933 omnia
616 868 861 948 ordinarentur,
899 872 1155 948 instruerentur,
1190 881 1208 930 t

99 978 312 1056 pararentur,
352 973 411 1037 ubi
449 972 518 1037 fuit
555 971 660 1050 Sulla,
692 973 856 1039 Corneli?
893 995 974 1037 num
1006 974 1153 1039 Romae?

98 1075 209 1140 Immo
242 1079 345 1164 longe
376 1076 473 1142 afuit.
518 1075 610 1140 Num
643 1078 678 1141 in
709 1078 750 1142 iis
781 1077 983 1164 regionibus,
1016 1095 1095 1162 quo‘
1114 1100 1150 1144 se

101 1179 251 1246 Catilina
278 1182 468 1248 inferebat?
524 1181 638 1246 Multo
669 1183 771 1247 etiam
801 1184 946 1270 longius.
1005 1182 1093 1246 Num
1117 1183 1152 1246 in

99 1305 178 1370 agro
207 1284 371 1363 Camerti,
400 1286 539 1363 Picen0,
568 1285 710 1362 Gallico,
738 1308 823 1372 quas
850 1289 884 1350 in
912 1309 985 1351 oras
1009 1288 1151 1352 maxime

100 1391 196 1472 quasi
212 1390 352 1455 morbus
375 1390 513 1475 quidam
536 1391 628 1454 illius
651 1389 775 1455 furoris
799 1391 1013 1476 pervaserat?
1059 1391 1153 1454 Nihil
1177 1407 1206 1453 10

99 1515 178 1558 vero
194 1495 321 1559 minus.
369 1495 451 1558 Fuit
465 1495 565 1571 enim,
581 1495 702 1558 utiam
718 1504 797 1559 ante
818 1494 899 1572 dixi,
917 1495 1068 1580 Neapoli,
1085 1494 1152 1559 fuit

100 1597 134 1659 in
149 1619 188 1662 ea
204 1607 302 1682 parte
319 1598 449 1675 ltaliae,
467 1621 552 1683 quae
569 1599 714 1662 maxime
730 1599 796 1663 ista
818 1599 1007 1684 suspicione
1032 1599 1150 1664 caruit.

102 1701 194 1781 Quid
216 1725 300 1790 ergo
322 1702 451 1768 indicat
472 1711 534 1767 aut
556 1702 640 1788 quid
663 1701 775 1770 adfert
797 1709 858 1767 aut
880 1703 949 1787 ipse
976 1702 1152 1766 Cornelius
1164 1705 1204 1768 54

101 1816 159 1871 aut
185 1830 261 1885 vos,
289 1809 350 1893 qui
374 1808 455 1873 haec
479 1808 521 1873 ab
544 1809 604 1872 illo
627 1807 786 1872 mandata
808 1807 971 1872 defertis?
1019 1806 1151 1871 Gladia
1198 1834 1201 1838 ·

102 1920 187 1978 tores
219 1922 354 1998 emptos
384 1935 455 1978 esse
487 1913 605 1978 Fausti
635 1913 849 1977 simulatione
879 1912 922 1976 ad
953 1911 1088 1976 caedem
1114 1933 1151 1978 ac
1175 1924 1204 1970 1⁵

101 2018 300 2084 tumultum.
346 2019 402 2083 lta
434 2040 589 2103 prorsus3
613 2018 804 2102 interpositi
831 2025 912 2081 sunt
937 2015 1149 2102 gladiatores,
1202 2029 1204 2036 '

103 2143 183 2206 quos
200 2131 407 2188 testamento
429 2124 535 2209 patris
560 2122 672 2188 deberi
696 2122 860 2188 videmus.
908 2122 1150 2207 ‘Adrepta'est

102 2225 236 2306 familia,
262 2249 348 2313 quae
370 2230 399 2293 si
421 2236 511 2293 esset
532 2229 777 2313 praetermissa,
801 2235 914 2312 posset
935 2228 1001 2290 alia
1022 2226 1150 2292 familia

103 2330 217 2398 Fausti
248 2323 371 2398 munus
400 2332 580 2418 praebere’
627 2332 768 2397 Utinam
800 2331 936 2417 quidem
967 2332 1046 2397 haec
1078 2334 1152 2418 ipsa

64 2505 67 2510 ,
102 2456 165 2499 non
181 2437 286 2502 modo
301 2439 495 2522 iniquorum
514 2436 673 2513 invidiae,
691 2435 750 2501 sed
774 2457 956 2522 aequorum
981 2445 1150 2522 exspecta·
1171 2453 1203 2498 ao

102 2541 183 2604 tioni
198 2543 283 2607 satis
299 2541 408 2607 facere
425 2541 557 2627 posset!
605 2541 845 2626 ‘Properatum
858 2541 1073 2605 vehementer
1085 2549 1146 2629 est,
1202 2529 1204 2535 '

102 2665 174 2708 cum
190 2646 295 2733 longe
310 2655 444 2732 tempus
456 2645 604 2710 muneris
617 2645 769 2710 abesset'
809 2645 914 2724 Quasi
925 2667 1004 2710 vero
1016 2653 1147 2730 tempus

102 2749 199 2814 dandi
231 2753 380 2816 muneris
411 2773 478 2814 non
503 2750 601 2816 valde
628 2751 922 2836 appropinquaret.
971 2749 1058 2814 ‘Nec
1078 2751 1148 2834 ,opi-

102 2862 199 2919 nante
217 2855 357 2932 Fausto,
374 2877 451 2920 cum
467 2856 496 2919 is
513 2877 622 2939 neque
639 2855 741 2918 sciret
761 2841 870 2938 neque
888 2854 1002 2930 vellet,
1019 2853 1147 2917 familia

103 2965 151 3020 est
165 2959 378 3045 comparata’
425 2961 475 3024 At
497 2961 628 3025 litterae
652 2967 733 3023 sunt
756 2959 884 3035 Fausti,
901 2981 960 3043 per
982 2980 1065 3042 quas
1089 2958 1146 3022 illc
1160 2962 1198 3024 55

103 3063 252 3144 precibus
269 3086 289 3128 a
305 3064 344 3127 P.
361 3063 458 3128 Sulla
472 3065 568 3148 petit,
585 3071 625 3126 ut
641 3071 730 3128 emat
752 3063 965 3148 gladiatores
983 3071 1018 3126 et
1034 3070 1072 3125 ut
1087 3062 1147 3126 hos
1170 3080 1199 3124 26

104 3165 187 3248 ipsos
213 3176 313 3245 emat,
338 3190 449 3254 neque
474 3169 584 3232 solnm
608 3167 652 3231 ad
678 3167 806 3230 Sullam
831 3166 1033 3242 missae,sed
1048 3166 1089 3229 ad
1107 3167 1143 3228 L.

106 3267 289 3350 Caesarem,
318 3272 359 3352 Q.
387 3273 596 3357 Pompeium,
626 3272 664 3335 C.
695 3272 901 3347 Memmium,
930 3293 1073 3355 quorum
1103 3270 1144 3336 de

104 3378 267 3441 sententia
293 3384 364 3441 tota
391 3399 442 3442 res
470 3385 565 3463 gesta
592 3385 652 3440 est.
712 3376 780 3439 ‘At
804 3374 950 3460 praefuit
977 3374 1143 3440 familiae)

108 3476 170 3542 lam
186 3483 213 3546 si
228 3483 264 3545 in
281 3480 427 3567 paranda
443 3481 569 3545 familia
592 3482 687 3544 nulla
710 3483 855 3565 suspicio
879 3487 940 3556 est,
958 3482 1033 3564 quis
1057 3503 1147 3565 prae·
1168 3497 1199 3542 ao

107 3579 213 3662 fuerit,
230 3587 315 3650 nihil
331 3586 373 3650 ad
389 3608 459 3651 rem
474 3587 641 3671 pertinet3
665 3584 724 3648 sed
742 3592 851 3648 tamen
868 3606 1005 3648 munere
1023 3584 1144 3650 Servili

109 3684 225 3753 obtulit
250 3713 285 3755 se
313 3683 367 3754 ad.
383 3689 583 3755 ferramenta
614 3687 856 3774 prospicienda,
888 3687 1035 3772 praefuit
1065 3711 1144 3754 vero

110 3808 294 3878 numquam,
311 3817 417 3880 eaque
433 3817 485 3858 res
502 3795 590 3858 omni
608 3801 756 3877 tempore
779 3814 839 3877 per
863 3791 1007 3870 Bellum,
1025 3792 1145 3857 Fausti

112 3891 266 3977 libertum,
283 3899 516 3964 administrata
530 3907 591 3964 est.
655 3985 658 3988 g
