2800 4367
249 355 312 423 230
592 371 666 423 rac
687 371 719 449 p.
744 371 870 425 srsrro
893 371 1041 425 orario.

300 544 429 629 aliquid
443 565 463 608 a
478 545 577 628 potita
592 542 722 608 dictum
739 543 856 610 cadere
872 545 909 607 in
933 551 1066 630 tempus
1090 553 1244 611 nostrum
1262 545 1349 612 vide-

300 658 404 722 retur,
428 647 521 732 quod
542 655 603 711 aut
629 647 794 732 populum
821 649 1017 714 universum
1040 648 1176 736 fugeret
1198 659 1261 716 aut
1283 671 1348 713 non

228 758 288 821 119
299 755 503 839 exprimeret
518 753 589 838 ipse
606 761 708 818 actor.
756 753 802 818 Et
817 775 941 839 quaeso
962 753 1026 819 hoc
1049 754 1134 831 loco,
1150 755 1292 831 iudices,
1309 777 1347 819 ne

246 875 275 921 ar
298 881 365 944 qua
388 859 527 924 levitate
554 879 607 922 me
633 857 776 923 ductum
802 857 845 923 ad
870 858 1045 924 insolitum
1075 878 1183 946 genus
1214 859 1349 923 dicendi

300 962 368 1028 labi
392 963 530 1049 putetis,
545 963 575 1027 si
602 960 644 1029 de
670 963 791 1049 politis,
808 962 850 1028 de
877 961 1108 1042 histrionibus,
1133 963 1175 1029 de
1198 963 1293 1027 ludis
1316 965 1349 1026 in

299 1065 567 1152 indicioloquar.
1220 1155 1223 1160 Ι

343 1157 414 1237 L'vl.
445 1170 522 1236 Non
540 1175 625 1237 'sum
649 1178 719 1236 tam
742 1173 890 1259 ignarus,
915 1171 1054 1249 iudices,
1074 1193 1268 1248 causarum,
1284 1194 1347 1235 non

298 1284 368 1341 tam
382 1277 528 1341 insolens
552 1276 587 1340 in
609 1274 763 1354 dicendo
781 1285 821 1341 ut
836 1277 926 1342 omni
950 1299 993 1342 ex
1016 1298 1137 1364 genere
1162 1276 1346 1341 orationem

298 1402 445 1465 aucuper
459 1389 495 1445 et
510 1401 625 1472 omnes
641 1379 793 1465 undique
809 1379 966 1446 flosculos
984 1402 1116 1466 carpam
1140 1388 1248 1466 atque
1274 1381 1351 1445 deli-

298 1484 384 1550 bem.
430 1483 516 1560 Scio‚
533 1483 616 1569 quid
640 1486 790 1571 gravitas
810 1492 929 1561 vestra,
948 1484 1033 1570 quid
1054 1485 1135 1550 haec
1160 1484 1347 1560 advocatio,

259 1605 274 1650 s
297 1589 381 1674 quid
402 1590 460 1654 ille
484 1595 681 1666 conventus,
699 1588 784 1675 quid
805 1588 954 1675 dignitas
978 1588 1017 1653 P.
1042 1588 1141 1666 Sesti,
1159 1590 1248 1675 quid
1270 1590 1349 1674 peri-

298 1695 366 1758 culi
383 1692 590 1780 magnitude,
608 1693 692 1779 quid
713 1701 814 1770 aetas,
831 1692 915 1778 quid
937 1693 1044 1759 honos
1068 1716 1162 1759 meus
1185 1695 1346 1779 postulet.

298 1797 365 1863 Sed
381 1798 463 1862 mihi
477 1799 605 1882 sumpsi
622 1797 684 1862 hoc
696 1798 771 1863 loco
783 1796 970 1862 doctrinam
983 1797 1152 1884 quandam
1164 1798 1346 1873 iuventuti,

298 1906 490 1990 quiessent
511 1912 712 1991 optumates.
759 1904 799 1968 In
827 1927 866 1970 ea
893 1905 1093 1990 explicanda
1120 1904 1346 1969 demonstran-

298 2008 378 2072 dum
390 2017 443 2074 est
457 2031 523 2073 non
541 2030 612 2072 esse
628 2008 799 2093 popularis
813 2009 920 2073 omnis
936 2030 1003 2084 eos,
1017 2009 1076 2094 qui
1093 2015 1271 2093 putentur.
1310 2007 1345 2070 ld

245 2130 274 2175 10
296 2112 454 2178 facillime
470 2133 665 2197 consequar,
683 2113 712 2177 si
737 2113 886 2178 universi
908 2113 1024 2197 populi
1049 2111 1215 2177 iudicium
1232 2134 1343 2178 verum

300 2225 335 2282 et
350 2218 581 2301 incorruptum
598 2217 678 2282 etsi
695 2217 832 2281 intimos
846 2238 965 2281 sensus
981 2216 1129 2282 civitatis
1141 2239 1343 2302 expressero.

225 2324 285 2387 120
297 2321 390 2401 Quid
417 2321 484 2385 fuit
511 2319 606 2398 illud,
624 2320 717 2405 quod
744 2323 870 2386 recenti
898 2322 1020 2386 nuntio
1047 2320 1089 2386 de
1120 2322 1180 2385 illo
1211 2331 1343 2386 senatus

298 2426 461 2502 consulto
479 2425 572 2510 quod
586 2426 715 2490 factum
732 2433 783 2490 est
805 2426 839 2488 in
864 2426 989 2511 templo
1005 2426 1165 2501 Virtutis,
1183 2425 1228 2489 ad
1253 2425 1343 2488 ludos
1365 2479 1366 2486 ,

296 2551 517 2615 scaenamque
534 2530 660 2614 perlato
682 2551 841 2594 consessu
866 2531 1024 2594 maxumo
1047 2551 1200 2594 summus
1226 2528 1342 2594 artifex

245 2649 273 2693 15
296 2643 330 2699 et
345 2634 536 2700 mehercule
560 2655 691 2718 semper
714 2634 860 2718 partium
884 2633 918 2696 in
942 2655 976 2698 re
999 2632 1136 2718 publica
1159 2640 1342 2717 tamquam

296 2740 331 2801 in
347 2761 466 2805 scaena
482 2740 683 2824 optimarum
707 2736 791 2802 flens
815 2744 851 2818 et
872 2739 998 2803 recenti
1026 2738 1155 2802 laetitia
1181 2745 1219 2802 et
1242 2737 1343 2799 mixto
1364 2765 1365 2829 p

297 2842 409 2908 dolore
426 2865 463 2907 ac
484 2841 648 2906 desiderio
672 2842 737 2905 mei
762 2841 833 2927 egit
856 2840 945 2927 apud
968 2842 1130 2926 populum
1157 2841 1341 2906 Romanum

298 2945 404 3008 multo
426 2941 638 3029 gravioribus
655 2940 765 3006 verbis
789 2962 897 3005 meam
921 2961 1065 3017 causam,
1082 2962 1185 3026 quam
1212 2947 1343 3027 egomet

297 3046 338 3111 de
352 3069 404 3110 me
416 3067 514 3133 agere
530 3045 742 3131 potuissem?
790 3044 917 3109 Summi
934 3046 1022 3114 enim
1036 3048 1154 3130 politae
1171 3046 1340 3132 ingenium
1363 3123 1364 3134 ἵ

243 3165 273 3210 ao
297 3171 364 3214 non
380 3151 489 3214 solum
504 3158 576 3215 arte
591 3170 664 3227 sua,
680 3147 740 3214 scd
756 3149 856 3214 etiam
874 3147 987 3213 dolore
1003 3147 1222 3234 exprimebat.
1270 3148 1342 3227 Qua
1363 3141 1364 3161 ³

297 3276 385 3319 enim
402 3277 454 3320 vr:

413 3391 491 3477 qui
529 3413 619 3458 rem
657 3391 889 3477 publicam
928 3399 1057 3456 certo
1100 3394 1245 3455 animo
1283 3389 1340 3454 ad-

701 3496 887 3574 idverit,

353 3600 600 3677 Statuerit,
623 3599 823 3665 steterit
845 3621 938 3665 cum
963 3598 1214 3664 Achivis—

243 3791 272 3835 25
294 3777 468 3842 vobiscum
495 3797 547 3840 me
575 3774 709 3839 stetisse
737 3774 879 3852 dicebat,
895 3781 1025 3841 vestros
1052 3775 1184 3841 ordines
1211 3776 1336 3840 demon·

296 3878 445 3944 strabatl
468 3878 689 3944 revocabatur
703 3877 745 3942 ab
762 3880 936 3945 universis.
1360 3895 1361 3968 ᾗ

1350 4237 1360 4331 p
