2800 4367
459 351 540 403 cnr.
564 353 651 412 ner,
674 353 689 414 e
712 351 799 402 esec.
1131 335 1194 402 801

55 529 215 608 rpcmtore
247 521 467 612 quaerenda
490 530 552 599 est,
567 521 628 588 sed
655 522 781 588 multae
804 529 988 586 suntartes
1004 522 1145 588 eximiae
1182 537 1198 584 o

47 626 158 721 jhuius
191 629 447 694 administrae
477 627 684 711 comitesque
718 625 865 692 virtutis.
915 626 966 690 Ac
998 626 1143 710 primum

69 741 188 815 quauta
226 733 449 799 innocentia
486 731 612 798 debent
647 753 720 797 esse
760 731 987 816 imperatores,
1019 739 1145 815 quanta

41 878 42 887 η
66 835 180 902 deinde
200 840 250 902 in
263 835 435 906 omnibus
445 835 544 902 rebus
554 836 784 922 temperantia,
796 841 923 920 quanta
934 833 1007 910 fide,
1019 843 1145 920 quanta

65 939 258 1021 facilitate,
291 947 432 1029 quanto
459 941 606 1028 ingenio,
635 947 763 1024 quanta
794 937 1022 1004 humanitate!
1058 958 1144 1023 quae

65 1044 219 1112 breviter
261 1046 390 1134 qualia
430 1045 501 1110 sint
530 1045 566 1110 in
598 1043 661 1108 Cn.
694 1043 855 1128 Pompeio
887 1041 1145 1108 consideremus.
1171 1059 1199 1103 10

64 1147 209 1216 Summa
242 1153 345 1218 enim
375 1148 487 1214 omnia
512 1155 604 1223 suut,
630 1147 792 1226 Quirites,
819 1145 879 1212 sed
905 1165 944 1210 ca
972 1146 1076 1231 magis
1103 1167 1144 1209 cx

64 1253 216 1319 aliorum
267 1253 493 1321 contentione
523 1273 624 1337 quam
668 1253 740 1336 ipse
781 1271 841 1336 per
879 1271 952 1316 sese
991 1249 1145 1335 cognosci

36 1367 170 1483 quque
222 1357 395 1444 intellegi
432 1365 583 1442 possunt.
645 1355 755 1434 Quem
787 1355 875 1420 eninr
915 1355 1145 1438 imperatorem
1160 1356 1198 1420 st

67 1481 271 1542 possumus
306 1461 381 1526 ullo
411 1461 449 1524 iu
479 1481 619 1526 numero
650 1467 781 1544 putare,
809 1458 905 1524 cuius
933 1459 967 1520 in
995 1457 1146 1522 exercitu

37 1600 39 1615 r
70 1571 305 1634 centuriatus
332 1572 478 1631 veneant
502 1573 605 1649 atque
631 1563 826 1630 venierint?
872 1562 965 1641 Quid
981 1561 1070 1626 hunc
1094 1561 1150 1626 ho-
1172 1577 1201 1624 ro

72 1671 207 1737 minem
241 1691 411 1756 magnum
437 1677 498 1732 eut
524 1669 674 1752 amplum
700 1667 742 1732 de
771 1689 805 1732 re
832 1667 966 1752 publica
989 1667 1146 1754 cogitare,

36 1780 40 1811 l
77 1775 132 1856 qui
155 1775 361 1860 pecuniam
375 1795 418 1838 ex
435 1772 562 1838 aerario
585 1771 815 1856 depromptam
833 1770 875 1834 ad
899 1771 1023 1836 bellurn
1047 1771 1149 1836 admi·

76 1878 311 1946 nistrandum
323 1885 385 1944 aut
392 1885 530 1963 propter
541 1875 762 1961 cupiditatem
776 1875 965 1962 provinciae
980 1877 1150 1962 magistra·

35 1964 41 1995 l
80 1981 174 2049 tibus
203 1983 372 2050 diviserit
390 1991 450 2047 aut
465 1990 602 2067 propter
617 1983 791 2048 avaritiam
809 1983 934 2046 Rornae
952 1981 985 2044 in
1004 1988 1148 2064 quaestu

37 2162 39 2175 κ
80 2087 297 2174 reliquerit?
341 2085 467 2152 Vestra
496 2086 759 2150 admurmuratio
790 2085 881 2162 lacit,
916 2085 1076 2164 Quirites,
1108 2091 1149 2150 ut
1172 2097 1203 2146 ao

83 2211 278 2276 agnoscere
296 2191 489 2267 videamini,
506 2193 565 2275 qni
582 2191 662 2256 haec
686 2190 851 2268 iecerint;
875 2213 938 2280 ego
953 2199 1067 2257 antem
1090 2215 1147 2258 no

84 2297 181 2362 mino
213 2298 404 2371 neminem3
436 2317 540 2381 quare
568 2297 664 2360 irasci
691 2295 772 2360 mihi
800 2317 898 2362 nemo
926 2297 1057 2382 poterit,
1084 2297 1148 2362 nisi

88 2402 148 2482 qui
164 2409 253 2467 ante
269 2399 311 2466 de
326 2422 361 2465 se
379 2400 527 2466 voluerit
550 2400 711 2465 confiteri.
760 2399 879 2485 ltaque
906 2410 1041 2486 propter
1062 2401 1148 2466 hanc

87 2507 275 2572 avaritiam
302 2506 541 2588 imperatorum
572 2512 716 2588 quantas
745 2505 964 2582 calamitates,
991 2526 1150 2590 quocum-

91 2629 159 2690 que
188 2616 333 2674 ventum
359 2609 414 2684 sit,
442 2610 546 2673 nostri
573 2609 742 2674 exercitus
759 2608 878 2684 ierant,
896 2610 972 2693 quis
994 2609 1149 2696 ignorat?
1174 2625 1202 2670 ‘n

90 2707 227 2780 Itinera
242 2735 329 2797 quae
345 2735 405 2797 per
427 2712 526 2778 hosce
552 2735 655 2777 annos
673 2715 707 2776 in
726 2713 823 2778 Italia
849 2737 907 2799 per
923 2735 1020 2801 agros
1043 2724 1145 2800 atque
1162 2717 1202 2779 38

93 2817 224 2903 oppida
240 2818 365 2883 civium
384 2818 607 2883 Romanorum
627 2819 733 2882 nostri
758 2819 973 2903 imperatores
997 2820 1149 2897 fecerint,

93 2921 339 2996 recordamini3
365 2930 438 2985 tum
463 2921 595 2986 facilius
612 2923 779 2998 statuetis
799 2923 883 3006 quid
906 2923 997 3008 apud
1019 2931 1150 2990 exteras

96 3029 254 3092 nationes
285 3026 354 3090 fieri
386 3026 598 3092 existimetis.
647 3026 770 3090 Utrunr
800 3029 913 3112 plures
944 3028 1151 3094 arbitramini

95 3150 158 3212 per
175 3129 275 3194 hosce
291 3150 394 3194 annos
409 3130 555 3194 militum
569 3139 757 3196 vestrorum
775 3132 875 3196 annis
891 3131 1038 3198 hostium
1055 3132 1152 3198 urbes
1175 3149 1205 3194 co

98 3253 141 3297 an
171 3233 317 3299 hibernis
345 3234 511 3298 sociorum
536 3235 691 3299 civitates
719 3256 791 3300 esse
821 3234 972 3300 deletas?
1030 3235 1150 3320 Neque

100 3339 190 3402 enirn
218 3345 330 3423 potest
353 3340 537 3404 exercitum
565 3340 594 3402 is
619 3340 790 3404 continere
820 3339 1007 3422 imperator,
1033 3341 1150 3424 quise

103 3442 173 3526 ipse
190 3465 257 3508 non
273 3443 435 3520 continet,
453 3465 564 3528 neque
587 3465 724 3509 severus
742 3464 814 3508 esse
831 3443 867 3506 in
884 3442 1073 3517 iudicanda
1091 3444 1150 3527 qui

105 3547 185 3613 alios
202 3549 237 3612 iu
252 3570 288 3612 se
304 3569 439 3614 severos
454 3570 527 3614 esse
544 3547 671 3612 iudices
689 3568 756 3612 non
773 3548 859 3613 vult.
907 3547 973 3611 Hic
990 3548 1150 3610 miramur
1165 3551 1205 3612 39

108 3650 194 3716 hunc
210 3652 379 3717 homiuem
397 3659 531 3718 tantum
556 3652 721 3718 excellere
739 3655 868 3729 ceteris,
885 3653 981 3717 cuius
1004 3651 1151 3738 legiones
1175 3664 1204 3708 35

111 3755 213 3820 sicin
242 3757 359 3822 Asiam
387 3758 614 3843 pervenerint,
631 3764 671 3821 ut
698 3777 765 3822 non
794 3759 892 3824 modo
919 3779 1036 3822 manus
1064 3756 1151 3822 tanti

113 3862 282 3938 exercitus,
309 3860 370 3928 sed
396 3883 438 3927 ne
467 3862 649 3948 vestigium
681 3862 820 3946 quidem
852 3865 1009 3949 cuiquam
1034 3869 1151 3948 pacato
