2800 4367
518 326 598 379 cnr.
625 328 679 391 rs,
692 327 718 420 ¹r
739 327 795 381 ar.
1181 313 1222 380 l3

110 493 283 561 Flaccum
298 505 333 562 ct
349 497 387 563 G.
405 498 624 585 Pomptinum
649 507 828 584 praetores,
845 499 1045 566 fortissimos
1068 507 1171 585 atque
1194 517 1224 562 ao

110 602 366 667 amantissimos
397 604 445 667 rei
476 604 630 687 publicae
662 604 762 680 viros,
793 603 836 667 ad
867 626 918 668 me
951 605 1076 680 vocavi,
1102 626 1171 668 rem
1227 668 1232 673 .

110 708 274 789 exposui,
300 706 383 791 quid
409 708 478 771 fieri
505 709 673 792 placeret,
688 707 830 773 ostendi.
879 707 934 770 Illi
962 716 1086 783 autem,
1112 710 1171 794 qui

111 812 234 875 omnia
249 810 290 877 de
306 834 340 877 re
357 811 493 897 publica
517 812 685 897 praeclara
709 820 813 897 atque
839 813 973 898 egregia
997 814 1170 889 sentirent,
1257 854 1266 871 .

111 916 193 979 sinc
222 918 430 981 recusatione
456 939 493 981 ac
518 918 589 981 sine
616 917 685 980 ulla
714 938 805 981 mora
829 918 1002 1003 negotium
1018 939 1172 1001 suscepe-
1194 933 1223 979 sc

114 1029 202 1083 runt
218 1029 261 1097 et,
279 1006 356 1100 curn
374 1020 673 1105 advesperasceret,
693 1021 824 1085 occulte
850 1020 893 1083 ad
919 1027 1056 1105 pontem
1084 1020 1170 1084 Mul-

113 1126 215 1187 vium
241 1133 469 1209 pervenerunt
495 1133 597 1209 atque
625 1124 670 1189 ibi
698 1126 732 1187 in
759 1126 919 1211 proximis
945 1124 1036 1189 villis
1052 1124 1100 1188 ita
1125 1124 1171 1188 bi·

114 1230 244 1312 pertito
261 1228 410 1305 fuerunt,
427 1237 467 1293 ut
483 1229 614 1294 Tiberis
633 1231 795 1293 intereos
813 1241 848 1292 et
874 1250 958 1313 pons
982 1230 1167 1293 interesset.

91 1325 94 1331 ’
115 1332 250 1397 Eodem
266 1341 378 1398 autem
402 1342 437 1398 et
463 1335 527 1419 ipsi
549 1336 621 1399 sine
647 1336 846 1419 cuiusquam
871 1334 1060 1419 suspicione
1085 1334 1171 1398 mul·
1218 1359 1222 1370 .

114 1444 172 1500 tos
190 1436 285 1502 fortis
297 1439 386 1502 viros
403 1438 599 1515 eduxerant,
613 1446 648 1503 et
662 1461 725 1525 ego
741 1461 784 1503 ex
801 1437 1010 1523 praefectura
1027 1438 1170 1503 Reatina
1191 1453 1220 1499 35

115 1543 308 1626 complures
340 1542 488 1607 delectos
519 1543 761 1620 adulescentes,
786 1560 929 1628 quorum
962 1565 1061 1629 opera
1091 1550 1169 1607 utor

115 1646 258 1711 adsidue
275 1648 309 1709 in
326 1648 374 1711 rei
389 1646 543 1731 publicae
559 1648 735 1731 praesidio,
754 1670 830 1712 cum
856 1648 977 1734 gladiis
1002 1649 1167 1711 miseram.

116 1749 261 1813 Interim
291 1752 392 1815 tertia
422 1750 490 1815 fere
522 1751 638 1837 vigilia
669 1761 788 1818 exacta
818 1774 895 1816 cum
925 1754 991 1816 iam
1028 1756 1208 1836 pontemd

117 1854 291 1919 Mulvium
318 1876 438 1941 magno
467 1857 629 1920 comitatu
655 1857 759 1943 legati
785 1855 1009 1942 Allobrogum
1036 1856 1167 1943 ingredi

115 1960 307 2043 inciperent
344 1980 478 2043 unaque
517 1959 726 2036 Volturcius,
759 1961 798 2025 fit
834 1962 869 2023 in
907 1983 963 2025 eos
1002 1962 1166 2045 impetus3
1189 1976 1218 2020 40

116 2062 311 2127 educuntur
326 2071 361 2129 et
375 2063 416 2127 ab
431 2064 498 2127 illis
513 2064 619 2150 gladii
635 2072 670 2129 et
690 2087 710 2129 a
735 2066 867 2129 nostris.
915 2066 981 2129 Res
1010 2066 1167 2149 praetori-

116 2165 180 2230 bus
208 2173 279 2230 erat
309 2174 388 2231 nota
412 2168 501 2243 solis,
528 2168 745 2253 ignorabatur
769 2190 789 2232 a
816 2170 945 2234 ceteris.
992 2185 1044 2231 111.
1076 2168 1167 2231 Tum

115 2272 310 2335 interventu
342 2271 521 2355 Pomptini,
545 2279 647 2360 atque
676 2272 788 2337 Flacci
819 2294 944 2359 pugna,
976 2293 1062 2357 quae
1095 2279 1167 2336 erat

115 2376 302 2451 commissa,
318 2374 464 2439 sedatur.
511 2374 667 2453 Litterae,
690 2398 923 2461 quaecumque
948 2383 1045 2441 erant
1068 2375 1102 2437 in
1126 2396 1166 2439 eo

116 2480 290 2556 comitatu,
321 2480 461 2566 integris
494 2480 599 2565 signis
629 2480 839 2564 praetoribus
869 2479 1070 2555 traduntur3
1101 2479 1165 2563 ipsi

114 2582 346 2667 comprehensi
365 2584 417 2673 ,ad
443 2606 505 2661 me,
533 2606 610 2649 cum
641 2586 707 2647 iarn
738 2584 968 2660 dilucesceret,
996 2582 1202 2649 deducun-rs

115 2695 182 2751 tur.
230 2686 346 2772 Atque
371 2689 491 2752 horum
516 2689 664 2752 omnium
695 2689 861 2753 scelerum
882 2687 1164 2774 improbissimum

115 2790 386 2869 machinatorem,
404 2792 577 2857 Cimbrum
601 2792 794 2870 Gabinium,
810 2794 923 2858 statim
941 2791 1052 2857 adme
1068 2791 1165 2855 nibil-

115 2895 196 2959 dum
220 2897 448 2980 suspicantem
472 2897 612 2972 vocavi3
643 2896 765 2973 deinde
790 2899 871 2962 item
901 2897 1081 2962 accersitus
1112 2902 1165 2959 est

116 3000 153 3063 L.
166 2999 324 3066 ‘Statilius
341 3007 376 3065 et
390 3008 468 3085 post
482 3022 559 3066 eum
576 3000 614 3064 Ο.
632 3001 823 3087 Cethegus3
847 3000 1034 3065 tardissime
1050 3007 1162 3063 autem

116 3103 283 3169 Lentulus
307 3106 411 3182 venit,
438 3104 536 3169 credo
560 3104 652 3190 quod
677 3106 712 3168 in
737 3106 860 3171 litteris
888 3104 1007 3169 dandis
1031 3111 1164 3189 praeter
1187 3118 1215 3162 10

19 3194 20 3199 ἵ
116 3208 394 3274 consuetudinem
411 3211 562 3294 proxima
587 3218 685 3275 nocte
703 3211 870 3297 vigilaret.
917 3209 1005 3274 Cum
1020 3208 1159 3273 summis
1183 3211 1201 3272 7

116 3320 150 3376 ct
171 3312 362 3377 clarissimis
393 3313 494 3377 huius
519 3315 665 3379 civitatis
697 3315 788 3391 viris,
813 3315 873 3398 qui
895 3314 1012 3378 audita
1034 3336 1069 3378 re
1100 3312 1163 3376 fre-

116 3423 257 3500 quentes
282 3416 325 3481 ad
351 3440 404 3482 me
430 3439 525 3483 mane
551 3427 786 3495 convenerant,
803 3418 933 3483 litteras
957 3439 976 3481 a
999 3440 1051 3484 me
1068 3418 1160 3501 prius

116 3521 234 3605 aperiri
258 3542 359 3605 quarn
384 3520 426 3585 ad
450 3529 607 3585 senatum
634 3521 756 3586 deferri
783 3523 940 3607 placeret,
957 3543 1009 3599 ne,
1025 3522 1053 3585 si
1077 3521 1161 3583 nihil

116 3632 200 3689 esset
216 3625 404 3701 inventurn,
421 3633 582 3690 temeres
608 3646 661 3689 me
685 3633 800 3690 tantus
823 3627 993 3690 tumultus
1017 3625 1161 3689 iniectus
1184 3639 1213 3684 15

117 3728 242 3792 civitati
281 3727 460 3807 videretur,
492 3730 613 3815 negavi
652 3750 705 3793 me
735 3751 806 3794 esse
837 3729 1018 3808 facturum,
1050 3736 1091 3792 ut
1119 3727 1160 3791 de
1239 3723 1242 3728 ’

117 3831 261 3913 periculo
276 3831 410 3916 publico
427 3855 493 3897 non
518 3832 561 3897 ad
585 3832 763 3897 consilium
787 3832 961 3917 publicum
985 3855 1057 3897 rem
1080 3833 1161 3896 inte-

604 3950 606 3953 .
947 3934 958 3956 .
