2800 4367
576 324 782 379 EPISTOLAE
804 325 1001 378 sennem

735 607 837 692 run.

664 800 724 860 (An
733 801 801 848 Arr.
814 813 854 848 nr.
865 801 902 856 7.)

593 963 724 1012 CICERO
747 963 878 1012 ATTICO
900 962 980 1012 SAL.

218 1124 235 1184 1
304 1119 523 1188 Brundisium
561 1123 640 1188 veni
675 1143 704 1186 a.
735 1122 768 1185 d.
806 1139 902 1186 xrrn.
929 1122 993 1186 Kal
1022 1121 1149 1188 Maias:
1186 1142 1226 1186 eo
1254 1119 1300 1185 die

255 1228 350 1309 pueri
378 1227 429 1290 tui
455 1225 536 1290 mihi
559 1248 580 1290 a
601 1234 635 1290 te
659 1227 788 1290 litteras
813 1225 1044 1304 reddiderunt,
1068 1234 1103 1292 et
1129 1226 1191 1290 alii
1217 1225 1303 1310 pueri

258 1339 335 1414 post
360 1330 448 1394 diem
475 1332 613 1394 tertium
643 1332 716 1394 eius
747 1329 813 1394 diei
844 1331 925 1394 alias
952 1331 1082 1395 litteras
1105 1330 1301 1395 attuleruut.

259 1433 359 1512 Quod
380 1456 432 1499 me
456 1456 553 1520 rogas
577 1442 613 1499 et
634 1435 788 1511 hortaris,
807 1442 846 1498 ut
872 1434 963 1518 apud
986 1443 1020 1500 te
1048 1435 1083 1498 in
1106 1435 1215 1520 Epiro
1237 1433 1303 1506 sim,

218 1538 413 1602 avolantas
442 1548 502 1602 tua
527 1539 608 1602 mihi
636 1539 734 1604 valde
762 1546 858 1625 grata
883 1546 936 1604 est
967 1547 1003 1603 et
1032 1539 1172 1603 minime
1205 1557 1313 1620 nova3²

257 1651 347 1706 esset
376 1643 551 1706 consilium
579 1643 660 1706 mihi
691 1643 828 1728 quidem
859 1651 1024 1728 optatum,
1051 1643 1090 1708 si·
1112 1643 1236 1708 liceret
1263 1639 1303 1702 ibi

258 1768 354 1811 omne
392 1755 526 1832 tempus
568 1770 763 1812 consumere
780 1747 894 1812 -odi
936 1748 1026 1812 enim
1065 1747 1302 1817 celebritatem,

256 1851 352 1937 fugio
382 1852 543 1929 homines,
574 1852 685 1917 lucem
715 1853 862 1936 aspicere
886 1852 946 1918 vix
977 1874 1196 1938 possum-z
1223 1855 1303 1914 esset

256 1955 338 2018 milri
367 1956 432 2019 ista
460 1955 618 2032 solitudo,
642 1957 837 2040 praesertim
869 1963 939 2020 tam
969 1954 1124 2020 familiari
1160 1957 1196 2019 in
1225 1955 1301 2020 loco,
1364 1941 1365 1956 ¹

203 2060 233 2106 1⁰
255 2081 322 2121 non
344 2079 471 2134 amara3
495 2059 564 2136 sed,
588 2061 718 2124 itineris
742 2081 843 2124 causa
867 2067 906 2124 ut
928 2059 1130 2136 deverterer,
1160 2061 1299 2146 primum

256 2170 308 2227 est
330 2162 475 2239 devium,
493 2163 613 2228 deinde
636 2164 678 2228 ab
709 2165 878 2229 Autronio
902 2171 938 2230 et
967 2167 1086 2230 ceteris
1118 2161 1302 2250 quatridui,

253 2267 373 2332 deinde
410 2269 482 2331 sine
514 2276 566 2343 te3
605 2290 682 2331 nam
713 2269 891 2333 castellum
929 2271 1098 2334 munitum
1138 2266 1301 2334 habitanti

256 2371 336 2435 mihi
352 2371 535 2456 prodesset
553 2373 740 2437 transeunti
757 2395 825 2437 non
847 2381 900 2438 est
921 2375 1155 2439 necessarium.
1207 2367 1303 2452 Quod

254 2477 283 2539 si
306 2475 473 2552 auderem,
498 2476 651 2541 Athenas
681 2485 973 2562 peterem—sane
1006 2479 1054 2543 ita
1083 2478 1237 2552 cadebat,
1268 2481 1302 2536 ut

203 2595 232 2640 1⁶
254 2580 448 2644 vellem—z
474 2602 564 2644 nunc
591 2589 626 2645 et
652 2583 759 2646 nostri
786 2582 898 2646 hostes
927 2582 973 2647 ibi
1000 2589 1083 2647 sunt
1113 2591 1148 2647 et
1180 2591 1216 2647 te
1240 2599 1302 2642 non
1362 2611 1363 2642 1

256 2683 414 2749 habemus
439 2692 474 2749 et
500 2706 664 2761 veremur,
692 2707 734 2750 ne
762 2686 1028 2770 interpretentur
1054 2686 1140 2750 illud
1169 2703 1299 2772 quoque

256 2787 416 2872 oppidum
442 2787 483 2852 ab
511 2788 610 2853 Italia
633 2811 698 2853 non
727 2791 808 2853 satis
832 2789 957 2866 abesse,
975 2811 1036 2854 nec
1057 2790 1185 2868 scribis,
1204 2806 1301 2874 quam

224 2891 298 2956 aad
324 2891 413 2956 diem
439 2900 472 2956 te
500 2901 743 2977 exspectemus.
791 2893 891 2972 Quod
919 2915 970 2958 me
997 2894 1040 2958 ad
1064 2898 1170 2959 vitam
1195 2911 1298 2962 vocas,

256 3017 360 3059 unum
388 2995 499 3073 efficiS,
518 3005 557 3061 ut
583 3020 602 3061 a
630 3020 681 3062 me
709 3020 826 3062 manus
854 2998 1049 3074 abstineam,
1066 2999 1212 3064 alterum
1237 3016 1299 3060 nou
1361 3017 1362 3048 r

202 3107 360 3185 nepotes,
386 3108 426 3164 ut
449 3123 500 3166 me
529 3124 595 3165 non
624 3103 730 3166 nostri
758 3103 888 3167 consilii
919 3103 1078 3188 vitaeque
1110 3105 1297 3188 poeniteat3

256 3203 339 3288 quid
361 3206 451 3270 enim
474 3213 535 3281 est,
553 3205 645 3290 quod
668 3229 720 3270 me
744 3207 896 3282 retineat,
913 3207 1108 3291 praesertim
1127 3207 1156 3271 si
1172 3221 1299 3292 speses

255 3331 322 3373 non
345 3317 406 3386 est,
438 3330 523 3395 quae
547 3331 608 3374 nos
640 3311 886 3394 proficiscentes
918 3309 1210 3396 prosequebatur?
1234 3327 1296 3372 non

255 3412 385 3490 faciam,
410 3422 450 3478 ut
475 3435 667 3480 enumerem
695 3415 843 3478 miserias
874 3435 998 3490 omnes,
1023 3416 1058 3477 in
1090 3435 1174 3498 quas
1199 3408 1293 3482 incid,
1360 3405 1361 3410 ’

255 3541 314 3603 per
340 3541 502 3583 summam
528 3519 684 3581 iniuriam
716 3526 751 3582 et
773 3520 882 3584 scelus
906 3540 973 3582 non
999 3525 1067 3582 tam
1090 3518 1294 3583 inimicorum

201 3639 231 3683 aa
253 3643 402 3686 meorum
433 3645 533 3708 quam
559 3622 761 3698 invidorum,
780 3644 821 3686 ne
849 3631 885 3686 et
907 3643 1018 3687 meum
1041 3644 1224 3686 maerorem
1246 3639 1294 3684 er·

254 3727 378 3811 agitem
401 3735 437 3791 et
460 3737 494 3791 te
519 3729 555 3789 iu
581 3727 726 3791 eundem
752 3727 882 3791 luctum
908 3749 1043 3792 vocem:
1068 3726 1131 3790 hoc
1162 3726 1292 3794 affirmo,
1359 3719 1360 3796 ζ

254 3832 421 3895 neminem
460 3852 621 3914 umquam
658 3839 754 3895 tanta
791 3831 978 3895 calamitate
1017 3851 1089 3896 esse
1126 3824 1290 3898 affectumi
