<?xml version="1.0" encoding="UTF-8"?>
<!DOCTYPE html PUBLIC "-//W3C//DTD XHTML 1.0 Transitional//EN"
    "http://www.w3.org/TR/xhtml1/DTD/xhtml1-transitional.dtd">
<html xmlns="http://www.w3.org/1999/xhtml" xml:lang="en" lang="en">
 <head>
  <title>
</title>
<meta http-equiv="Content-Type" content="text/html;charset=utf-8" />
  <meta name='ocr-system' content='tesseract 3.04.00' />
  <meta name='ocr-capabilities' content='ocr_page ocr_carea ocr_par ocr_line ocrx_word'/>
</head>
<body>
  <div class='ocr_page' id='page_1' title='image "./selectedoration01cicegoog_0225.png"; bbox 0 0 2800 4367; ppageno 0'>
   <div class='ocr_carea' id='block_1_1' title="bbox 451 331 1209 406">
    <p class='ocr_par' dir='ltr' id='par_1_1' title="bbox 451 331 1209 406">
     <span class='ocr_line' id='line_1_1' title="bbox 451 331 1209 406; baseline 0.001 -11"><span class='ocrx_word' id='word_1_1' title='bbox 451 343 533 395; x_wconf 74' lang='lat' dir='ltr'><strong>cur.</strong></span> <span class='ocrx_word' id='word_1_2' title='bbox 556 343 645 406; x_wconf 65' lang='grc' dir='ltr'><strong>Μ,</strong></span> <span class='ocrx_word' id='word_1_3' title='bbox 669 345 684 406; x_wconf 70' lang='lat' dir='ltr'><strong>s</strong></span> <span class='ocrx_word' id='word_1_4' title='bbox 708 345 826 396; x_wconf 79' lang='lat' dir='ltr'><strong>ror-roc.</strong></span> <span class='ocrx_word' id='word_1_5' title='bbox 1147 331 1209 397; x_wconf 81' lang='lat'><strong>223</strong></span> 
     </span>
    </p>
   </div>
   <div class='ocr_carea' id='block_1_2' title="bbox 70 513 1209 1226">
    <p class='ocr_par' dir='ltr' id='par_1_2' title="bbox 70 513 1209 1226">
     <span class='ocr_line' id='line_1_2' title="bbox 71 513 1159 602; baseline 0.004 -25"><span class='ocrx_word' id='word_1_6' title='bbox 71 515 268 580; x_wconf 79' lang='lat' dir='ltr'><strong>ferebatur.</strong></span> <span class='ocrx_word' id='word_1_7' title='bbox 327 514 489 600; x_wconf 91' lang='lat' dir='ltr'><strong>Populus</strong></span> <span class='ocrx_word' id='word_1_8' title='bbox 505 513 693 580; x_wconf 84' lang='lat' dir='ltr'><strong>libertatem</strong></span> <span class='ocrx_word' id='word_1_9' title='bbox 710 516 763 602; x_wconf 85' lang='lat' dir='ltr'><strong>agi</strong></span> <span class='ocrx_word' id='word_1_10' title='bbox 781 514 1038 601; x_wconf 87' lang='lat' dir='ltr'><strong>putabatsuam.</strong></span> <span class='ocrx_word' id='word_1_11' title='bbox 1084 515 1159 582; x_wconf 92' lang='lat' dir='ltr'><strong>Dis-</strong></span> 
     </span>
     <span class='ocr_line' id='line_1_3' title="bbox 70 620 1159 706; baseline 0.002 -21"><span class='ocrx_word' id='word_1_12' title='bbox 70 621 286 686; x_wconf 89' lang='lat' dir='ltr'><strong>sentiebant</strong></span> <span class='ocrx_word' id='word_1_13' title='bbox 320 621 494 706; x_wconf 81' lang='lat' dir='ltr'>principes</span> <span class='ocrx_word' id='word_1_14' title='bbox 520 627 556 684; x_wconf 89' lang='lat' dir='ltr'><strong>et</strong></span> <span class='ocrx_word' id='word_1_15' title='bbox 581 621 616 684; x_wconf 91' lang='lat' dir='ltr'><strong>in</strong></span> <span class='ocrx_word' id='word_1_16' title='bbox 640 620 749 686; x_wconf 84' lang='lat' dir='ltr'><strong>salute</strong></span> <span class='ocrx_word' id='word_1_17' title='bbox 777 621 1002 706; x_wconf 80' lang='lat' dir='ltr'>optumatium</span> <span class='ocrx_word' id='word_1_18' title='bbox 1030 623 1159 688; x_wconf 89' lang='lat' dir='ltr'><strong>temeri·</strong></span> 
     </span>
     <span class='ocr_line' id='line_1_4' title="bbox 71 723 1156 812; baseline 0.002 -22"><span class='ocrx_word' id='word_1_19' title='bbox 71 736 177 790; x_wconf 86' lang='lat' dir='ltr'><strong>tatem</strong></span> <span class='ocrx_word' id='word_1_20' title='bbox 223 723 483 789; x_wconf 79' lang='lat' dir='ltr'><strong>multitudinis</strong></span> <span class='ocrx_word' id='word_1_21' title='bbox 509 732 546 791; x_wconf 94' lang='lat' dir='ltr'><strong>et</strong></span> <span class='ocrx_word' id='word_1_22' title='bbox 574 723 717 790; x_wconf 89' lang='lat' dir='ltr'><strong>tabellae</strong></span> <span class='ocrx_word' id='word_1_23' title='bbox 748 725 919 790; x_wconf 80' lang='lat' dir='ltr'><strong>licentiam</strong></span> <span class='ocrx_word' id='word_1_24' title='bbox 947 727 1156 812; x_wconf 87' lang='lat' dir='ltr'><strong>pertimesce·</strong></span> 
     </span>
     <span class='ocr_line' id='line_1_5' title="bbox 71 829 1209 916; baseline 0 -21"><span class='ocrx_word' id='word_1_25' title='bbox 71 831 162 895; x_wconf 88' lang='lat' dir='ltr'><strong>hant.</strong></span> <span class='ocrx_word' id='word_1_26' title='bbox 192 831 404 916; x_wconf 86' lang='lat' dir='ltr'><strong>Agrariam</strong></span> <span class='ocrx_word' id='word_1_27' title='bbox 416 830 470 893; x_wconf 86' lang='lat' dir='ltr'><strong>Ti.</strong></span> <span class='ocrx_word' id='word_1_28' title='bbox 483 829 657 895; x_wconf 78' lang='lat' dir='ltr'>Gracchus</span> <span class='ocrx_word' id='word_1_29' title='bbox 669 831 778 916; x_wconf 88' lang='lat' dir='ltr'><strong>legem</strong></span> <span class='ocrx_word' id='word_1_30' title='bbox 793 829 929 896; x_wconf 79' lang='lat' dir='ltr'><strong>ferebat.</strong></span> <span class='ocrx_word' id='word_1_31' title='bbox 970 830 1076 898; x_wconf 89' lang='lat' dir='ltr'><strong>Grata</strong></span> <span class='ocrx_word' id='word_1_32' title='bbox 1086 839 1159 898; x_wconf 89' lang='lat' dir='ltr'><strong>erat</strong></span> <span class='ocrx_word' id='word_1_33' title='bbox 1180 849 1209 895; x_wconf 79' lang='lat' dir='ltr'><strong>aa</strong></span> 
     </span>
     <span class='ocr_line' id='line_1_6' title="bbox 72 934 1158 1020; baseline 0.002 -21"><span class='ocrx_word' id='word_1_34' title='bbox 72 937 228 1020; x_wconf 90' lang='lat' dir='ltr'><strong>populo;</strong></span> <span class='ocrx_word' id='word_1_35' title='bbox 251 936 426 999; x_wconf 76' lang='lat' dir='ltr'><strong>fortunae</strong></span> <span class='ocrx_word' id='word_1_36' title='bbox 439 935 601 998; x_wconf 85' lang='lat' dir='ltr'><strong>constitui</strong></span> <span class='ocrx_word' id='word_1_37' title='bbox 613 936 807 998; x_wconf 90' lang='lat' dir='ltr'><strong>tenuiorum</strong></span> <span class='ocrx_word' id='word_1_38' title='bbox 820 934 1031 999; x_wconf 87' lang='lat' dir='ltr'><strong>videbantur.</strong></span> <span class='ocrx_word' id='word_1_39' title='bbox 1067 935 1158 1002; x_wconf 91' lang='lat' dir='ltr'><strong>Nite-</strong></span> 
     </span>
     <span class='ocr_line' id='line_1_7' title="bbox 73 1035 1156 1121; baseline 0.001 -20"><span class='ocrx_word' id='word_1_40' title='bbox 73 1039 205 1101; x_wconf 89' lang='lat' dir='ltr'><strong>bantur</strong></span> <span class='ocrx_word' id='word_1_41' title='bbox 237 1045 374 1101; x_wconf 89' lang='lat' dir='ltr'><strong>contra</strong></span> <span class='ocrx_word' id='word_1_42' title='bbox 397 1042 597 1120; x_wconf 81' lang='lat' dir='ltr'><strong>optumates,</strong></span> <span class='ocrx_word' id='word_1_43' title='bbox 622 1035 715 1121; x_wconf 94' lang='lat' dir='ltr'><strong>quod</strong></span> <span class='ocrx_word' id='word_1_44' title='bbox 739 1043 775 1101; x_wconf 89' lang='lat' dir='ltr'><strong>et</strong></span> <span class='ocrx_word' id='word_1_45' title='bbox 796 1035 994 1102; x_wconf 82' lang='lat' dir='ltr'><strong>discordiam</strong></span> <span class='ocrx_word' id='word_1_46' title='bbox 1017 1039 1156 1102; x_wconf 80' lang='lat' dir='ltr'><strong>excitari</strong></span> 
     </span>
     <span class='ocr_line' id='line_1_8' title="bbox 74 1139 1154 1226; baseline 0.003 -21"><span class='ocrx_word' id='word_1_47' title='bbox 74 1142 253 1206; x_wconf 85' lang='lat' dir='ltr'><strong>videbant</strong></span> <span class='ocrx_word' id='word_1_48' title='bbox 289 1149 339 1217; x_wconf 87' lang='lat' dir='ltr'><strong>et,</strong></span> <span class='ocrx_word' id='word_1_49' title='bbox 369 1162 445 1203; x_wconf 90' lang='lat' dir='ltr'><strong>cum</strong></span> <span class='ocrx_word' id='word_1_50' title='bbox 473 1140 659 1226; x_wconf 86' lang='lat' dir='ltr'><strong>locupletes</strong></span> <span class='ocrx_word' id='word_1_51' title='bbox 689 1139 954 1225; x_wconf 88' lang='lat' dir='ltr'><strong>possessionibus</strong></span> <span class='ocrx_word' id='word_1_52' title='bbox 984 1140 1154 1208; x_wconf 89' lang='lat' dir='ltr'><strong>diuturnis</strong></span> 
     </span>
    </p>
   </div>
   <div class='ocr_carea' id='block_1_3' title="bbox 75 1243 1208 1431">
    <p class='ocr_par' dir='ltr' id='par_1_3' title="bbox 75 1243 1208 1431">
     <span class='ocr_line' id='line_1_9' title="bbox 75 1243 1155 1332; baseline 0.003 -23"><span class='ocrx_word' id='word_1_53' title='bbox 75 1253 332 1321; x_wconf 86' lang='lat' dir='ltr'><strong>moverentur,</strong></span> <span class='ocrx_word' id='word_1_54' title='bbox 365 1244 500 1329; x_wconf 91' lang='lat' dir='ltr'><strong>spoliari</strong></span> <span class='ocrx_word' id='word_1_55' title='bbox 535 1266 605 1309; x_wconf 87' lang='lat' dir='ltr'><strong>rem</strong></span> <span class='ocrx_word' id='word_1_56' title='bbox 643 1243 814 1330; x_wconf 91' lang='lat' dir='ltr'><strong>publicam</strong></span> <span class='ocrx_word' id='word_1_57' title='bbox 850 1245 1155 1332; x_wconf 83' lang='lat' dir='ltr'><strong>propugnatoribus</strong></span> 
     </span>
     <span class='ocr_line' id='line_1_10' title="bbox 75 1343 1208 1431; baseline -0.002 -21"><span class='ocrx_word' id='word_1_58' title='bbox 75 1347 365 1411; x_wconf 83' lang='lat' dir='ltr'><strong>arbitrabantur.</strong></span> <span class='ocrx_word' id='word_1_59' title='bbox 412 1343 681 1409; x_wconf 86' lang='lat' dir='ltr'><strong>Frumentau&#39;am</strong></span> <span class='ocrx_word' id='word_1_60' title='bbox 705 1344 814 1431; x_wconf 87' lang='lat' dir='ltr'><strong>legem</strong></span> <span class='ocrx_word' id='word_1_61' title='bbox 832 1345 870 1410; x_wconf 88' lang='lat' dir='ltr'><strong>O.</strong></span> <span class='ocrx_word' id='word_1_62' title='bbox 888 1344 1060 1410; x_wconf 88' lang='lat' dir='ltr'><strong>Gracchus</strong></span> <span class='ocrx_word' id='word_1_63' title='bbox 1077 1345 1158 1412; x_wconf 84' lang='lat' dir='ltr'><strong>fere</strong></span> <span class='ocrx_word' id='word_1_64' title='bbox 1180 1363 1208 1408; x_wconf 84' lang='lat' dir='ltr'><strong>ao</strong></span> 
     </span>
    </p>
   </div>
   <div class='ocr_carea' id='block_1_4' title="bbox 26 1447 1227 3932">
    <p class='ocr_par' dir='ltr' id='par_1_4' title="bbox 76 1447 1156 1643">
     <span class='ocr_line' id='line_1_11' title="bbox 76 1447 1156 1534; baseline -0.001 -19"><span class='ocrx_word' id='word_1_65' title='bbox 76 1453 146 1515; x_wconf 82' lang='lat' dir='ltr'><strong>bat.</strong></span> <span class='ocrx_word' id='word_1_66' title='bbox 197 1447 371 1514; x_wconf 88' lang='lat' dir='ltr'><strong>Iucunda</strong></span> <span class='ocrx_word' id='word_1_67' title='bbox 396 1469 450 1513; x_wconf 90' lang='lat' dir='ltr'><strong>res</strong></span> <span class='ocrx_word' id='word_1_68' title='bbox 477 1447 603 1533; x_wconf 89' lang='lat' dir='ltr'><strong>plebei;</strong></span> <span class='ocrx_word' id='word_1_69' title='bbox 627 1449 739 1513; x_wconf 91' lang='lat' dir='ltr'><strong>victus</strong></span> <span class='ocrx_word' id='word_1_70' title='bbox 766 1449 854 1513; x_wconf 91' lang='lat' dir='ltr'><strong>enim</strong></span> <span class='ocrx_word' id='word_1_71' title='bbox 878 1449 1156 1534; x_wconf 86' lang='lat' dir='ltr'><strong>suppeditabatur</strong></span> 
     </span>
     <span class='ocr_line' id='line_1_12' title="bbox 77 1551 1156 1643; baseline 0.003 -26"><span class='ocrx_word' id='word_1_72' title='bbox 77 1556 176 1641; x_wconf 84' lang='lat' dir='ltr'><strong>large</strong></span> <span class='ocrx_word' id='word_1_73' title='bbox 191 1555 278 1643; x_wconf 89' lang='lat' dir='ltr'><strong>sine</strong></span> <span class='ocrx_word' id='word_1_74' title='bbox 297 1552 421 1618; x_wconf 85' lang='lat' dir='ltr'><strong>labore.</strong></span> <span class='ocrx_word' id='word_1_75' title='bbox 468 1552 716 1639; x_wconf 87' lang='lat' dir='ltr'><strong>Repugnabant</strong></span> <span class='ocrx_word' id='word_1_76' title='bbox 730 1552 819 1629; x_wconf 92' lang='lat' dir='ltr'><strong>boni,</strong></span> <span class='ocrx_word' id='word_1_77' title='bbox 831 1551 923 1638; x_wconf 92' lang='lat' dir='ltr'><strong>quod</strong></span> <span class='ocrx_word' id='word_1_78' title='bbox 939 1569 973 1618; x_wconf 82' lang='lat' dir='ltr'><strong>et</strong></span> <span class='ocrx_word' id='word_1_79' title='bbox 987 1553 1029 1618; x_wconf 91' lang='lat' dir='ltr'><strong>ab</strong></span> <span class='ocrx_word' id='word_1_80' title='bbox 1045 1553 1156 1620; x_wconf 90' lang='lat' dir='ltr'><strong>indus-</strong></span> 
     </span>
    </p>

    <p class='ocr_par' dir='ltr' id='par_1_5' title="bbox 26 1654 1155 1743">
     <span class='ocr_line' id='line_1_13' title="bbox 26 1654 1155 1743; baseline 0.001 -21"><span class='ocrx_word' id='word_1_81' title='bbox 26 1680 28 1735; x_wconf 61' lang='lat'><strong>,</strong></span> <span class='ocrx_word' id='word_1_82' title='bbox 78 1662 147 1722; x_wconf 86' lang='lat' dir='ltr'><strong>tria</strong></span> <span class='ocrx_word' id='word_1_83' title='bbox 172 1658 325 1743; x_wconf 88' lang='lat' dir='ltr'><strong>plebem</strong></span> <span class='ocrx_word' id='word_1_84' title='bbox 350 1655 393 1719; x_wconf 89' lang='lat' dir='ltr'><strong>ad</strong></span> <span class='ocrx_word' id='word_1_85' title='bbox 416 1654 579 1720; x_wconf 91' lang='lat' dir='ltr'><strong>desidiam</strong></span> <span class='ocrx_word' id='word_1_86' title='bbox 603 1657 735 1721; x_wconf 85' lang='lat' dir='ltr'><strong>avocari</strong></span> <span class='ocrx_word' id='word_1_87' title='bbox 751 1655 918 1741; x_wconf 89' lang='lat' dir='ltr'><strong>putabant</strong></span> <span class='ocrx_word' id='word_1_88' title='bbox 935 1665 968 1722; x_wconf 88' lang='lat' dir='ltr'><strong>et</strong></span> <span class='ocrx_word' id='word_1_89' title='bbox 991 1659 1155 1723; x_wconf 86' lang='lat' dir='ltr'><strong>aerarium</strong></span> 
     </span>
    </p>

    <p class='ocr_par' dir='ltr' id='par_1_6' title="bbox 26 1750 462 1828">
     <span class='ocr_line' id='line_1_14' title="bbox 26 1750 462 1828; baseline -0.011 -1"><span class='ocrx_word' id='word_1_90' title='bbox 26 1750 27 1813; x_wconf 60' lang='grc' dir='ltr'><strong>ἶ</strong></span> <span class='ocrx_word' id='word_1_91' title='bbox 79 1762 274 1828; x_wconf 84' lang='lat' dir='ltr'><strong>exhauriri</strong></span> <span class='ocrx_word' id='word_1_92' title='bbox 292 1759 462 1825; x_wconf 86' lang='lat' dir='ltr'><strong>videbant.</strong></span> 
     </span>
    </p>

    <p class='ocr_par' dir='ltr' id='par_1_7' title="bbox 26 1865 1227 2264">
     <span class='ocr_line' id='line_1_15' title="bbox 26 1865 1227 1950; baseline 0.003 -21"><span class='ocrx_word' id='word_1_93' title='bbox 26 1874 27 1913; x_wconf 64' lang='lat' dir='ltr'><strong>l</strong></span> <span class='ocrx_word' id='word_1_94' title='bbox 127 1873 247 1929; x_wconf 80' lang='lat' dir='ltr'><strong>xnr&#39;x.</strong></span> <span class='ocrx_word' id='word_1_95' title='bbox 282 1865 396 1928; x_wconf 89' lang='lat' dir='ltr'><strong>Multa</strong></span> <span class='ocrx_word' id='word_1_96' title='bbox 421 1865 523 1929; x_wconf 89' lang='lat' dir='ltr'><strong>etiam</strong></span> <span class='ocrx_word' id='word_1_97' title='bbox 549 1871 664 1930; x_wconf 88' lang='lat' dir='ltr'><strong>nostra</strong></span> <span class='ocrx_word' id='word_1_98' title='bbox 693 1866 862 1940; x_wconf 90' lang='lat' dir='ltr'><strong>memoria,</strong></span> <span class='ocrx_word' id='word_1_99' title='bbox 888 1887 973 1950; x_wconf 90' lang='lat' dir='ltr'><strong>quae</strong></span> <span class='ocrx_word' id='word_1_100' title='bbox 1004 1868 1227 1933; x_wconf 72' lang='lat' dir='ltr'><strong>consultores</strong></span> 
     </span>
     <span class='ocr_line' id='line_1_16' title="bbox 26 1964 1153 2056; baseline 0 -22"><span class='ocrx_word' id='word_1_101' title='bbox 26 1964 27 2021; x_wconf 59' lang='lat'>3</span> <span class='ocrx_word' id='word_1_102' title='bbox 80 1979 287 2056; x_wconf 83' lang='lat' dir='ltr'><strong>praetereo,</strong></span> <span class='ocrx_word' id='word_1_103' title='bbox 303 1967 445 2032; x_wconf 83' lang='lat' dir='ltr'><strong>fuerunt</strong></span> <span class='ocrx_word' id='word_1_104' title='bbox 459 1969 493 2031; x_wconf 91' lang='lat' dir='ltr'><strong>in</strong></span> <span class='ocrx_word' id='word_1_105' title='bbox 509 1989 549 2034; x_wconf 91' lang='lat' dir='ltr'><strong>ea</strong></span> <span class='ocrx_word' id='word_1_106' title='bbox 563 1970 789 2045; x_wconf 89' lang='lat' dir='ltr'><strong>contentione,</strong></span> <span class='ocrx_word' id='word_1_107' title='bbox 808 1977 848 2034; x_wconf 92' lang='lat' dir='ltr'><strong>ut</strong></span> <span class='ocrx_word' id='word_1_108' title='bbox 871 1970 1041 2054; x_wconf 88' lang='lat' dir='ltr'><strong>popularis</strong></span> <span class='ocrx_word' id='word_1_109' title='bbox 1064 1973 1153 2056; x_wconf 94' lang='lat' dir='ltr'><strong>cupi-</strong></span> 
     </span>
     <span class='ocr_line' id='line_1_17' title="bbox 81 2072 1154 2157; baseline 0.002 -19"><span class='ocrx_word' id='word_1_110' title='bbox 81 2076 180 2138; x_wconf 86' lang='lat' dir='ltr'><strong>ditas</strong></span> <span class='ocrx_word' id='word_1_111' title='bbox 200 2095 225 2137; x_wconf 90' lang='lat' dir='ltr'><strong>a</strong></span> <span class='ocrx_word' id='word_1_112' title='bbox 242 2072 386 2136; x_wconf 91' lang='lat' dir='ltr'><strong>consilio</strong></span> <span class='ocrx_word' id='word_1_113' title='bbox 409 2073 597 2157; x_wconf 79' lang='lat' dir='ltr'><strong>principum</strong></span> <span class='ocrx_word' id='word_1_114' title='bbox 621 2072 810 2138; x_wconf 86' lang='lat' dir='ltr'><strong>dissideret.</strong></span> <span class='ocrx_word' id='word_1_115' title='bbox 857 2073 956 2139; x_wconf 92' lang='lat' dir='ltr'><strong>Nunc</strong></span> <span class='ocrx_word' id='word_1_116' title='bbox 981 2076 1046 2140; x_wconf 88' lang='lat' dir='ltr'><strong>iam</strong></span> <span class='ocrx_word' id='word_1_117' title='bbox 1069 2077 1154 2140; x_wconf 92' lang='lat' dir='ltr'><strong>nihil</strong></span> 
     </span>
     <span class='ocr_line' id='line_1_18' title="bbox 82 2176 1152 2264; baseline 0 -20"><span class='ocrx_word' id='word_1_118' title='bbox 82 2189 150 2254; x_wconf 90' lang='lat' dir='ltr'><strong>est,</strong></span> <span class='ocrx_word' id='word_1_119' title='bbox 170 2176 277 2264; x_wconf 92' lang='lat' dir='ltr'><strong>quod</strong></span> <span class='ocrx_word' id='word_1_120' title='bbox 300 2178 445 2261; x_wconf 91' lang='lat' dir='ltr'><strong>populus</strong></span> <span class='ocrx_word' id='word_1_121' title='bbox 468 2177 642 2242; x_wconf 86' lang='lat' dir='ltr'><strong>adelectis</strong></span> <span class='ocrx_word' id='word_1_122' title='bbox 665 2178 942 2264; x_wconf 90' lang='lat' dir='ltr'><strong>principibusque</strong></span> <span class='ocrx_word' id='word_1_123' title='bbox 966 2179 1152 2256; x_wconf 82' lang='lat' dir='ltr'><strong>dissentiat,</strong></span> 
     </span>
    </p>

    <p class='ocr_par' dir='ltr' id='par_1_8' title="bbox 26 2281 1222 3932">
     <span class='ocr_line' id='line_1_19' title="bbox 26 2281 1206 2368; baseline 0 -22"><span class='ocrx_word' id='word_1_124' title='bbox 26 2342 27 2365; x_wconf 51' lang='lat'><strong>,</strong></span> <span class='ocrx_word' id='word_1_125' title='bbox 84 2306 152 2349; x_wconf 91' lang='lat' dir='ltr'><strong>nec</strong></span> <span class='ocrx_word' id='word_1_126' title='bbox 187 2281 330 2368; x_wconf 84' lang='lat' dir='ltr'><strong>flagitat</strong></span> <span class='ocrx_word' id='word_1_127' title='bbox 358 2303 427 2346; x_wconf 91' lang='lat' dir='ltr'><strong>rem</strong></span> <span class='ocrx_word' id='word_1_128' title='bbox 462 2282 567 2345; x_wconf 89' lang='lat' dir='ltr'><strong>ullam</strong></span> <span class='ocrx_word' id='word_1_129' title='bbox 606 2302 715 2366; x_wconf 91' lang='lat' dir='ltr'><strong>neque</strong></span> <span class='ocrx_word' id='word_1_130' title='bbox 755 2304 918 2347; x_wconf 87' lang='lat' dir='ltr'><strong>novarum</strong></span> <span class='ocrx_word' id='word_1_131' title='bbox 956 2305 1065 2349; x_wconf 88' lang='lat' dir='ltr'><strong>rerum</strong></span> <span class='ocrx_word' id='word_1_132' title='bbox 1104 2293 1156 2349; x_wconf 92' lang='lat' dir='ltr'><strong>est</strong></span> <span class='ocrx_word' id='word_1_133' title='bbox 1190 2301 1206 2346; x_wconf 82' lang='lat' dir='ltr'><strong>o</strong></span> 
     </span>
     <span class='ocr_line' id='line_1_20' title="bbox 84 2385 1154 2473; baseline -0.002 -20"><span class='ocrx_word' id='word_1_134' title='bbox 84 2387 250 2473; x_wconf 89' lang='lat' dir='ltr'><strong>cupidus</strong></span> <span class='ocrx_word' id='word_1_135' title='bbox 267 2393 303 2450; x_wconf 93' lang='lat' dir='ltr'><strong>et</strong></span> <span class='ocrx_word' id='word_1_136' title='bbox 317 2386 386 2449; x_wconf 91' lang='lat' dir='ltr'><strong>otio</strong></span> <span class='ocrx_word' id='word_1_137' title='bbox 401 2406 463 2449; x_wconf 91' lang='lat' dir='ltr'><strong>suo</strong></span> <span class='ocrx_word' id='word_1_138' title='bbox 479 2392 514 2450; x_wconf 91' lang='lat' dir='ltr'><strong>et</strong></span> <span class='ocrx_word' id='word_1_139' title='bbox 528 2385 693 2473; x_wconf 86' lang='lat' dir='ltr'><strong>dignitate</strong></span> <span class='ocrx_word' id='word_1_140' title='bbox 712 2387 830 2471; x_wconf 93' lang='lat' dir='ltr'><strong>optimi</strong></span> <span class='ocrx_word' id='word_1_141' title='bbox 845 2387 1009 2472; x_wconf 91' lang='lat' dir='ltr'><strong>cuiusque</strong></span> <span class='ocrx_word' id='word_1_142' title='bbox 1033 2396 1068 2453; x_wconf 91' lang='lat' dir='ltr'><strong>et</strong></span> <span class='ocrx_word' id='word_1_143' title='bbox 1083 2390 1154 2452; x_wconf 90' lang='lat' dir='ltr'><strong>uni-</strong></span> 
     </span>
     <span class='ocr_line' id='line_1_21' title="bbox 84 2489 1152 2576; baseline 0.001 -19"><span class='ocrx_word' id='word_1_144' title='bbox 84 2513 218 2557; x_wconf 82' lang='lat' dir='ltr'><strong>versae</strong></span> <span class='ocrx_word' id='word_1_145' title='bbox 235 2490 285 2554; x_wconf 87' lang='lat' dir='ltr'><strong>rei</strong></span> <span class='ocrx_word' id='word_1_146' title='bbox 309 2489 460 2573; x_wconf 91' lang='lat' dir='ltr'><strong>publicae</strong></span> <span class='ocrx_word' id='word_1_147' title='bbox 484 2490 591 2576; x_wconf 87' lang='lat' dir='ltr'><strong>gloria</strong></span> <span class='ocrx_word' id='word_1_148' title='bbox 614 2490 811 2556; x_wconf 88' lang='lat' dir='ltr'><strong>delectatur.</strong></span> <span class='ocrx_word' id='word_1_149' title='bbox 861 2491 979 2576; x_wconf 89' lang='lat' dir='ltr'><strong>Itaque</strong></span> <span class='ocrx_word' id='word_1_150' title='bbox 1003 2491 1152 2558; x_wconf 88' lang='lat' dir='ltr'><strong>homines</strong></span> 
     </span>
     <span class='ocr_line' id='line_1_22' title="bbox 85 2593 1153 2682; baseline 0 -20"><span class='ocrx_word' id='word_1_151' title='bbox 85 2595 256 2662; x_wconf 89' lang='lat' dir='ltr'><strong>seditiosi</strong></span> <span class='ocrx_word' id='word_1_152' title='bbox 273 2614 311 2657; x_wconf 89' lang='lat' dir='ltr'><strong>ae</strong></span> <span class='ocrx_word' id='word_1_153' title='bbox 327 2593 525 2670; x_wconf 82' lang='lat' dir='ltr'><strong>turbulenti,</strong></span> <span class='ocrx_word' id='word_1_154' title='bbox 542 2595 623 2679; x_wconf 88' lang='lat' dir='ltr'><strong>quia</strong></span> <span class='ocrx_word' id='word_1_155' title='bbox 645 2596 740 2658; x_wconf 89' lang='lat' dir='ltr'><strong>nulla</strong></span> <span class='ocrx_word' id='word_1_156' title='bbox 764 2596 828 2659; x_wconf 91' lang='lat' dir='ltr'><strong>iam</strong></span> <span class='ocrx_word' id='word_1_157' title='bbox 853 2596 1029 2681; x_wconf 82' lang='lat' dir='ltr'><strong>largitione</strong></span> <span class='ocrx_word' id='word_1_158' title='bbox 1051 2619 1153 2682; x_wconf 93' lang='lat' dir='ltr'><strong>popu-</strong></span> 
     </span>
     <span class='ocr_line' id='line_1_23' title="bbox 86 2699 1152 2784; baseline 0.001 -20"><span class='ocrx_word' id='word_1_159' title='bbox 86 2703 170 2764; x_wconf 91' lang='lat' dir='ltr'><strong>lum</strong></span> <span class='ocrx_word' id='word_1_160' title='bbox 185 2699 380 2762; x_wconf 89' lang='lat' dir='ltr'><strong>Romanum</strong></span> <span class='ocrx_word' id='word_1_161' title='bbox 392 2699 559 2763; x_wconf 88' lang='lat' dir='ltr'><strong>concitare</strong></span> <span class='ocrx_word' id='word_1_162' title='bbox 575 2707 727 2783; x_wconf 90' lang='lat' dir='ltr'><strong>possunt,</strong></span> <span class='ocrx_word' id='word_1_163' title='bbox 739 2699 831 2784; x_wconf 92' lang='lat' dir='ltr'><strong>quod</strong></span> <span class='ocrx_word' id='word_1_164' title='bbox 847 2699 959 2783; x_wconf 87' lang='lat' dir='ltr'><strong>plebes</strong></span> <span class='ocrx_word' id='word_1_165' title='bbox 975 2699 1152 2784; x_wconf 82' lang='lat' dir='ltr'><strong>perfuncta</strong></span> 
     </span>
     <span class='ocr_line' id='line_1_24' title="bbox 87 2801 1204 2890; baseline 0.002 -23"><span class='ocrx_word' id='word_1_166' title='bbox 87 2802 313 2890; x_wconf 85' lang='lat' dir='ltr'><strong>gravissimis</strong></span> <span class='ocrx_word' id='word_1_167' title='bbox 328 2801 550 2867; x_wconf 89' lang='lat' dir='ltr'><strong>seditionibus</strong></span> <span class='ocrx_word' id='word_1_168' title='bbox 567 2824 605 2867; x_wconf 88' lang='lat' dir='ltr'><strong>ac</strong></span> <span class='ocrx_word' id='word_1_169' title='bbox 617 2802 792 2868; x_wconf 90' lang='lat' dir='ltr'><strong>discordiis</strong></span> <span class='ocrx_word' id='word_1_170' title='bbox 810 2805 917 2867; x_wconf 90' lang='lat' dir='ltr'><strong>otium</strong></span> <span class='ocrx_word' id='word_1_171' title='bbox 932 2805 1151 2888; x_wconf 89' lang='lat' dir='ltr'><strong>amplexatur,</strong></span> <span class='ocrx_word' id='word_1_172' title='bbox 1177 2818 1204 2862; x_wconf 85' lang='lat'><strong>10</strong></span> 
     </span>
     <span class='ocr_line' id='line_1_25' title="bbox 90 2906 1151 2994; baseline -0.001 -21"><span class='ocrx_word' id='word_1_173' title='bbox 90 2908 291 2973; x_wconf 88' lang='lat' dir='ltr'><strong>conductas</strong></span> <span class='ocrx_word' id='word_1_174' title='bbox 305 2906 431 2971; x_wconf 90' lang='lat' dir='ltr'><strong>habent</strong></span> <span class='ocrx_word' id='word_1_175' title='bbox 445 2908 618 2971; x_wconf 89' lang='lat' dir='ltr'><strong>contiones</strong></span> <span class='ocrx_word' id='word_1_176' title='bbox 631 2929 740 2992; x_wconf 89' lang='lat' dir='ltr'><strong>neque</strong></span> <span class='ocrx_word' id='word_1_177' title='bbox 754 2908 789 2970; x_wconf 91' lang='lat' dir='ltr'><strong>id</strong></span> <span class='ocrx_word' id='word_1_178' title='bbox 803 2920 919 2994; x_wconf 86' lang='lat' dir='ltr'><strong>agunt,</strong></span> <span class='ocrx_word' id='word_1_179' title='bbox 932 2916 971 2972; x_wconf 89' lang='lat' dir='ltr'><strong>ut</strong></span> <span class='ocrx_word' id='word_1_180' title='bbox 986 2931 1025 2972; x_wconf 86' lang='lat' dir='ltr'><strong>ea</strong></span> <span class='ocrx_word' id='word_1_181' title='bbox 1037 2910 1151 2974; x_wconf 87' lang='lat' dir='ltr'><strong>dicant</strong></span> 
     </span>
     <span class='ocr_line' id='line_1_26' title="bbox 91 3011 1150 3096; baseline 0 -20"><span class='ocrx_word' id='word_1_182' title='bbox 91 3022 158 3077; x_wconf 87' lang='lat' dir='ltr'><strong>aut</strong></span> <span class='ocrx_word' id='word_1_183' title='bbox 176 3012 301 3087; x_wconf 83' lang='lat' dir='ltr'><strong>ferant,</strong></span> <span class='ocrx_word' id='word_1_184' title='bbox 318 3031 404 3095; x_wconf 89' lang='lat' dir='ltr'><strong>quae</strong></span> <span class='ocrx_word' id='word_1_185' title='bbox 421 3012 472 3075; x_wconf 91' lang='lat' dir='ltr'><strong>illi</strong></span> <span class='ocrx_word' id='word_1_186' title='bbox 489 3012 598 3076; x_wconf 90' lang='lat' dir='ltr'><strong>velint</strong></span> <span class='ocrx_word' id='word_1_187' title='bbox 613 3011 739 3088; x_wconf 88' lang='lat' dir='ltr'><strong>audire,</strong></span> <span class='ocrx_word' id='word_1_188' title='bbox 757 3013 815 3096; x_wconf 90' lang='lat' dir='ltr'><strong>qui</strong></span> <span class='ocrx_word' id='word_1_189' title='bbox 832 3014 866 3075; x_wconf 90' lang='lat' dir='ltr'><strong>in</strong></span> <span class='ocrx_word' id='word_1_190' title='bbox 883 3014 1037 3077; x_wconf 90' lang='lat' dir='ltr'><strong>contione</strong></span> <span class='ocrx_word' id='word_1_191' title='bbox 1061 3020 1150 3088; x_wconf 83' lang='lat' dir='ltr'><strong>sunt,</strong></span> 
     </span>
     <span class='ocr_line' id='line_1_27' title="bbox 92 3114 1151 3200; baseline 0.001 -19"><span class='ocrx_word' id='word_1_192' title='bbox 92 3117 160 3181; x_wconf 92' lang='lat' dir='ltr'><strong>sed</strong></span> <span class='ocrx_word' id='word_1_193' title='bbox 177 3117 289 3200; x_wconf 88' lang='lat' dir='ltr'><strong>pretio</strong></span> <span class='ocrx_word' id='word_1_194' title='bbox 305 3137 343 3179; x_wconf 90' lang='lat' dir='ltr'><strong>ac</strong></span> <span class='ocrx_word' id='word_1_195' title='bbox 361 3114 510 3180; x_wconf 90' lang='lat' dir='ltr'><strong>mercede</strong></span> <span class='ocrx_word' id='word_1_196' title='bbox 527 3115 716 3199; x_wconf 87' lang='lat' dir='ltr'><strong>perficiunt,</strong></span> <span class='ocrx_word' id='word_1_197' title='bbox 734 3123 782 3192; x_wconf 91' lang='lat' dir='ltr'><strong>ut,</strong></span> <span class='ocrx_word' id='word_1_198' title='bbox 800 3115 965 3200; x_wconf 90' lang='lat' dir='ltr'><strong>quicquid</strong></span> <span class='ocrx_word' id='word_1_199' title='bbox 980 3117 1103 3194; x_wconf 90' lang='lat' dir='ltr'><strong>dicant,</strong></span> <span class='ocrx_word' id='word_1_200' title='bbox 1117 3117 1151 3182; x_wconf 93' lang='lat' dir='ltr'><strong>id</strong></span> 
     </span>
     <span class='ocr_line' id='line_1_28' title="bbox 94 3219 1222 3288; baseline 0.004 -5"><span class='ocrx_word' id='word_1_201' title='bbox 94 3221 151 3283; x_wconf 90' lang='lat' dir='ltr'><strong>illi</strong></span> <span class='ocrx_word' id='word_1_202' title='bbox 194 3220 281 3285; x_wconf 86' lang='lat' dir='ltr'><strong>velle</strong></span> <span class='ocrx_word' id='word_1_203' title='bbox 322 3219 437 3284; x_wconf 90' lang='lat' dir='ltr'><strong>audire</strong></span> <span class='ocrx_word' id='word_1_204' title='bbox 476 3219 665 3285; x_wconf 84' lang='lat' dir='ltr'><strong>rideantur.</strong></span> <span class='ocrx_word' id='word_1_205' title='bbox 726 3219 818 3284; x_wconf 92' lang='lat' dir='ltr'><strong>Num</strong></span> <span class='ocrx_word' id='word_1_206' title='bbox 856 3243 914 3286; x_wconf 90' lang='lat' dir='ltr'><strong>vcs</strong></span> <span class='ocrx_word' id='word_1_207' title='bbox 954 3223 1152 3286; x_wconf 88' lang='lat' dir='ltr'><strong>existimatis</strong></span> <span class='ocrx_word' id='word_1_208' title='bbox 1167 3227 1222 3288; x_wconf 83' lang='lat'><strong>105</strong></span> 
     </span>
     <span class='ocr_line' id='line_1_29' title="bbox 98 3322 1203 3410; baseline -0.003 -23"><span class='ocrx_word' id='word_1_209' title='bbox 98 3324 278 3388; x_wconf 87' lang='lat' dir='ltr'><strong>Gracchos</strong></span> <span class='ocrx_word' id='word_1_210' title='bbox 293 3331 353 3388; x_wconf 91' lang='lat' dir='ltr'><strong>aut</strong></span> <span class='ocrx_word' id='word_1_211' title='bbox 368 3322 589 3388; x_wconf 87' lang='lat' dir='ltr'><strong>Saturninum</strong></span> <span class='ocrx_word' id='word_1_212' title='bbox 611 3332 672 3388; x_wconf 89' lang='lat' dir='ltr'><strong>aut</strong></span> <span class='ocrx_word' id='word_1_213' title='bbox 687 3347 890 3410; x_wconf 87' lang='lat' dir='ltr'><strong>quemquam</strong></span> <span class='ocrx_word' id='word_1_214' title='bbox 914 3326 1048 3390; x_wconf 91' lang='lat' dir='ltr'><strong>illorum</strong></span> <span class='ocrx_word' id='word_1_215' title='bbox 1065 3334 1154 3392; x_wconf 87' lang='lat' dir='ltr'><strong>vete·</strong></span> <span class='ocrx_word' id='word_1_216' title='bbox 1176 3342 1203 3385; x_wconf 85' lang='lat'><strong>15</strong></span> 
     </span>
     <span class='ocr_line' id='line_1_30' title="bbox 96 3427 1151 3515; baseline 0.002 -23"><span class='ocrx_word' id='word_1_217' title='bbox 96 3451 191 3503; x_wconf 91' lang='lat' dir='ltr'><strong>rum,</strong></span> <span class='ocrx_word' id='word_1_218' title='bbox 221 3429 281 3512; x_wconf 93' lang='lat' dir='ltr'><strong>qui</strong></span> <span class='ocrx_word' id='word_1_219' title='bbox 318 3429 493 3513; x_wconf 91' lang='lat' dir='ltr'><strong>populares</strong></span> <span class='ocrx_word' id='word_1_220' title='bbox 530 3427 748 3504; x_wconf 89' lang='lat' dir='ltr'><strong>habebantur,</strong></span> <span class='ocrx_word' id='word_1_221' title='bbox 781 3430 889 3492; x_wconf 91' lang='lat' dir='ltr'><strong>ullum</strong></span> <span class='ocrx_word' id='word_1_222' title='bbox 927 3451 1086 3515; x_wconf 91' lang='lat' dir='ltr'><strong>umquam</strong></span> <span class='ocrx_word' id='word_1_223' title='bbox 1116 3433 1151 3494; x_wconf 91' lang='lat' dir='ltr'><strong>in</strong></span> 
     </span>
     <span class='ocr_line' id='line_1_31' title="bbox 97 3531 1152 3620; baseline 0.002 -24"><span class='ocrx_word' id='word_1_224' title='bbox 97 3532 263 3596; x_wconf 90' lang='lat' dir='ltr'><strong>contione</strong></span> <span class='ocrx_word' id='word_1_225' title='bbox 293 3531 447 3596; x_wconf 88' lang='lat' dir='ltr'><strong>habuisse</strong></span> <span class='ocrx_word' id='word_1_226' title='bbox 478 3532 708 3596; x_wconf 85' lang='lat' dir='ltr'><strong>conductum?</strong></span> <span class='ocrx_word' id='word_1_227' title='bbox 765 3533 870 3598; x_wconf 88' lang='lat' dir='ltr'><strong>Nemo</strong></span> <span class='ocrx_word' id='word_1_228' title='bbox 900 3533 1028 3598; x_wconf 88' lang='lat' dir='ltr'><strong>habuit.</strong></span> <span class='ocrx_word' id='word_1_229' title='bbox 1075 3534 1152 3620; x_wconf 91' lang='lat' dir='ltr'><strong>Ipsa</strong></span> 
     </span>
     <span class='ocr_line' id='line_1_32' title="bbox 98 3635 1151 3722; baseline 0.002 -22"><span class='ocrx_word' id='word_1_230' title='bbox 98 3637 196 3700; x_wconf 93' lang='lat' dir='ltr'><strong>enim</strong></span> <span class='ocrx_word' id='word_1_231' title='bbox 220 3635 353 3722; x_wconf 87' lang='lat' dir='ltr'><strong>largitio</strong></span> <span class='ocrx_word' id='word_1_232' title='bbox 377 3643 413 3702; x_wconf 91' lang='lat' dir='ltr'><strong>et</strong></span> <span class='ocrx_word' id='word_1_233' title='bbox 434 3657 510 3720; x_wconf 91' lang='lat' dir='ltr'><strong>spes</strong></span> <span class='ocrx_word' id='word_1_234' title='bbox 534 3636 699 3700; x_wconf 91' lang='lat' dir='ltr'><strong>commodi</strong></span> <span class='ocrx_word' id='word_1_235' title='bbox 722 3638 884 3721; x_wconf 90' lang='lat' dir='ltr'><strong>propositi</strong></span> <span class='ocrx_word' id='word_1_236' title='bbox 906 3639 978 3702; x_wconf 91' lang='lat' dir='ltr'><strong>sine</strong></span> <span class='ocrx_word' id='word_1_237' title='bbox 1003 3638 1151 3704; x_wconf 89' lang='lat' dir='ltr'><strong>mercede</strong></span> 
     </span>
     <span class='ocr_line' id='line_1_33' title="bbox 102 3740 1151 3827; baseline 0.003 -24"><span class='ocrx_word' id='word_1_238' title='bbox 102 3740 181 3803; x_wconf 90' lang='lat' dir='ltr'><strong>ulla</strong></span> <span class='ocrx_word' id='word_1_239' title='bbox 224 3740 476 3804; x_wconf 91' lang='lat' dir='ltr'><strong>multitudinem</strong></span> <span class='ocrx_word' id='word_1_240' title='bbox 522 3741 720 3804; x_wconf 87' lang='lat' dir='ltr'><strong>concitabat.</strong></span> <span class='ocrx_word' id='word_1_241' title='bbox 781 3741 901 3825; x_wconf 86' lang='lat' dir='ltr'><strong>Itaque</strong></span> <span class='ocrx_word' id='word_1_242' title='bbox 948 3742 1151 3827; x_wconf 89' lang='lat' dir='ltr'><strong>temporibus</strong></span> 
     </span>
     <span class='ocr_line' id='line_1_34' title="bbox 100 3843 1204 3932; baseline -0.004 -24"><span class='ocrx_word' id='word_1_243' title='bbox 100 3844 251 3928; x_wconf 90' lang='lat' dir='ltr'><strong>illisqui</strong></span> <span class='ocrx_word' id='word_1_244' title='bbox 273 3845 452 3931; x_wconf 91' lang='lat' dir='ltr'><strong>populares</strong></span> <span class='ocrx_word' id='word_1_245' title='bbox 471 3851 575 3919; x_wconf 89' lang='lat' dir='ltr'><strong>eraut,</strong></span> <span class='ocrx_word' id='word_1_246' title='bbox 592 3843 809 3909; x_wconf 85' lang='lat' dir='ltr'><strong>offendebant</strong></span> <span class='ocrx_word' id='word_1_247' title='bbox 831 3845 881 3907; x_wconf 89' lang='lat' dir='ltr'><strong>illi</strong></span> <span class='ocrx_word' id='word_1_248' title='bbox 904 3844 1041 3929; x_wconf 91' lang='lat' dir='ltr'><strong>quidem</strong></span> <span class='ocrx_word' id='word_1_249' title='bbox 1064 3846 1154 3932; x_wconf 89' lang='lat' dir='ltr'><strong>apud</strong></span> <span class='ocrx_word' id='word_1_250' title='bbox 1175 3859 1204 3904; x_wconf 79' lang='lat' dir='ltr'><strong>ae</strong></span> 
     </span>
    </p>
   </div>
   <div class='ocr_carea' id='block_1_5' title="bbox 0 0 1436 4367">
    <p class='ocr_par' dir='ltr' id='par_1_9' title="bbox 0 0 1436 4367">
     <span class='ocr_line' id='line_1_35' title="bbox 0 0 1436 4367; baseline 0 0"><span class='ocrx_word' id='word_1_251' title='bbox 0 0 1436 4367; x_wconf 95' lang='lat' dir='ltr'><strong> </strong></span> 
     </span>
    </p>
   </div>
  </div>
 </body>
</html>
