2800 4367
205 334 268 400 268
462 347 535 400 rao
558 348 589 399 r,
614 349 735 401 muno
758 348 903 400 nrnonn
926 347 1076 399 oaAr1o.

203 538 232 582 15
254 540 355 584 rnanu
379 519 534 595 misisset,
560 521 735 584 tormentis
762 521 862 584 etiam
884 519 1034 610 ¹dedendi
1063 519 1204 587 fuerunt
1226 542 1311 586 con-

256 631 442 690 servatores
472 623 609 701 domini,
641 625 767 690 ultores
798 625 942 700 sceleris,
975 623 1167 689 defensores
1199 626 1308 690 necis

167 723 169 725 ¹
255 730 319 794 Hic
337 750 415 793 vero
439 727 523 791 nihil
539 727 640 793 habet
661 729 698 792 in
714 729 765 793 his
790 729 895 806 malis,
912 728 1004 814 quod
1026 730 1138 794 minus
1161 713 1308 794 moleste

253 835 349 910 ferat,
366 854 477 918 quam,
495 833 625 899 etiamsi
653 831 737 919 quid
754 833 817 917 ipsi
841 833 980 910 accidat,
1000 855 1071 898 esse
1096 841 1208 898 tamen
1232 834 1309 897 illis

200 944 240 1005 59
256 940 412 1003 meritum
462 938 647 1023 praemium
690 936 910 1022 persolutum.
973 936 1040 1001 Sed
1079 939 1308 1022 quaestiones

199 1060 229 1104 ao
251 1049 373 1130 urgent
389 1042 561 1119 Milonem,
579 1061 665 1125 quae
679 1047 762 1105 sunt
777 1039 908 1106 habitae
924 1062 1014 1105 nunc
1030 1041 1066 1103 in
1081 1043 1166 1105 atrio
1190 1041 1310 1105 Liber-

252 1149 342 1212 tatis.
390 1146 600 1226 Quibusnam
632 1144 834 1232 deservis?
879 1145 1014 1231 Rogas?
1044 1144 1085 1209 de
1117 1145 1155 1207 P.
1189 1144 1305 1209 Clodi.

253 1252 339 1332 Quis
348 1273 404 1316 eos
414 1251 624 1337 postulavit?
658 1250 801 1335 Appius.
839 1249 924 1329 Quis
935 1248 1122 1334 produxit?
1155 1249 1305 1334 Appius.

253 1356 376 1420 Unde?
420 1355 477 1420 Ab
489 1356 611 1440 Appio.
646 1354 703 1418 ‘Di
715 1353 810 1419 bonil
837 1352 920 1438 quid
932 1360 1043 1438 potest
1055 1354 1109 1439 agi
1127 1354 1305 1418 severius?

252 1461 303 1525 De
328 1462 432 1524 servis
454 1460 549 1523 nulla
573 1460 647 1546 lege
670 1459 824 1544 quaestio
848 1465 900 1522 est
918 1458 953 1520 in
975 1456 1148 1538 dominum
1169 1458 1233 1520 nisi
1259 1457 1306 1522 de

198 1581 227 1654 25
250 1567 382 1630 incestu
409 1566 468 1648 (ut
493 1563 562 1629 fuit
586 1565 622 1628 in
650 1563 820 1633 Clodium.
868 1562 1024 1626 Proxime
1052 1561 1131 1625 deos
1158 1564 1306 1626 accessit

148 1655 154 1660 ’
252 1669 401 1746 Clodius,
419 1671 555 1754 propius
575 1690 677 1754 quam
700 1676 783 1746 tum,
802 1689 879 1733 oum
902 1666 944 1730 ad
970 1667 1058 1750 ipsos
1083 1673 1302 1750 penetrarat3

253 1776 349 1838 cuius
365 1773 406 1838 de
424 1784 528 1838 morte
552 1781 724 1859 tamquam
747 1773 788 1840 de
816 1772 1025 1839 caerimoniis
1042 1771 1175 1836 violatis
1200 1792 1304 1854 quaea

251 1878 479 1961 ritur)—sed
507 1886 621 1944 tamen
652 1880 791 1943 maiores
824 1880 930 1944 nostri
968 1880 1017 1942 in.
1044 1876 1214 1940 dominum
1256 1877 1302 1941 de

250 2004 346 2047 servo
374 1984 488 2066 quaeri
515 1982 707 2059 noluerunt,
724 2005 791 2047 non
818 1985 901 2067 quin
924 1980 1039 2068 'posset
1061 2003 1178 2047 verum
1206 1982 1303 2046 inve-

197 2101 227 2146 ao
250 2087 324 2162 niri,
341 2086 400 2150 sed
417 2087 495 2170 quia
512 2085 689 2151 videbatur
705 2086 883 2173 indignum
898 2110 970 2152 esse
988 2095 1023 2152 et
1039 2087 1165 2151 domini
1188 2096 1299 2152 morte

250 2192 322 2274 ipsa
337 2192 487 2265 tristius3
511 2191 547 2252 in
563 2211 657 2254 reum
673 2190 714 2254 de
731 2212 827 2255 servo
843 2194 1044 2257 accusatoris
1067 2215 1143 2258 curn
1168 2196 1301 2279 quaeri·
1321 2262 1323 2270 ,

197 2298 240 2358 60
257 2303 321 2370 tur,
338 2316 456 2362 verum
471 2295 613 2359 inveniri
637 2295 773 2378 potest?
819 2295 894 2382 Age
917 2317 1007 2373 vere,
1033 2319 1119 2382 quae
1142 2307 1213 2362 erat
1236 2308 1301 2364 aut

252 2397 360 2482 qualis
377 2397 552 2482 quaestio?
601 2398 718 2463 ‘Heus
735 2406 784 2476 tu,
809 2400 926 2465 Rufio'
951 2401 1043 2466 verbi
1068 2423 1175 2478 causa,
1195 2412 1299 2468 ‘cave

251 2503 296 2566 sis
320 2502 490 2565 mentiare.
537 2500 678 2567 Clodius
694 2503 833 2568 insidias
850 2503 933 2569 fecit
949 2505 1112 2569 Miloni?'
1160 2506 1298 2576 ‘Fecit’

196 2621 225 2666 35
248 2605 348 2670 Certa
380 2627 473 2669 crux.
523 2604 661 2670 ‘Nullas
684 2605 794 2672 -feoit’
842 2607 981 2694 Sperata
1008 2609 1154 2674 libertas.
1203 2609 1300 2689 Quid

251 2710 311 2774 hac
328 2711 523 2794 quaestione
540 2711 688 2775 certius?
735 2710 854 2778 Subito
868 2713 995 2798 abrepti
1013 2715 1047 2777 in
1064 2715 1298 2798 quaestionem

249 2824 359 2878 tamen
376 2821 575 2898 separantur
589 2837 608 2879 a
624 2817 743 2882 ceteris
767 2826 802 2883 et
829 2819 864 2882 in
887 2839 979 2883 arcas
1003 2819 1227 2896 coniciuntur,
1254 2842 1298 2884 ne

249 2920 424 3002 quiscum
451 2919 491 2982 iis
519 2920 666 3004 colloqui
693 2923 808 3006 possit.
857 2921 903 2986 Hi
931 2929 1067 2987 centum
1098 2923 1169 2988 dies
1193 2945 1297 3009 penes

248 3031 473 3087 accusatorem
501 3045 577 3087 cum
603 3023 757 3102 fuissent,
783 3025 825 3090 ab
848 3047 886 3090 eo
910 3027 983 3111 ipso
1008 3035 1200 3092 accusatore
1224 3049 1299 3113 pro

194 3142 224 3186 40
247 3126 341 3190 ducti
357 3134 448 3190 sunt.
496 3126 589 3206 Quid
604 3128 665 3193 hac
683 3130 877 3213 quaestione
894 3130 960 3195 dici
984 3139 1096 3216 potest
1119 3133 1295 3218 integrius

248 3229 330 3315 quid
346 3231 596 3315 incorruptius?

195 3338 231 3399 61
286 3351 394 3397 xxm.
427 3334 556 3414 Quodsi
572 3336 723 3400 nondum
738 3338 820 3402 satis
837 3339 982 3416 cernitis,
996 3361 1072 3403 cum
1086 3348 1140 3404 'res
1156 3340 1228 3424 ipsa
1244 3347 1297 3404 tot
1373 3361 1374 3368 ¹

247 3447 315 3503 tam
347 3440 445 3503 claris
473 3443 679 3527 argumentis
710 3443 883 3529 signisque
914 3444 1035 3519 luceat,
1067 3465 1150 3528 pura
1182 3452 1293 3534 mente

246 3550 349 3628 atque
380 3545 512 3630 integra
535 3544 697 3610 Milonem
722 3547 817 3611 nullo
842 3548 967 3612 scelere
993 3547 1169 3624 imbutum,
1199 3548 1294 3611 nullo

247 3656 341 3712 metu
372 3649 597 3732 perterritum,
622 3651 716 3714 nulla
746 3653 950 3716 conscientia
980 3653 1208 3726 exanimatum
1232 3652 1294 3716 Ro-

208 3767 332 3816 nmam
370 3753 557 3830 revertisse,
595 3753 823 3833 recordamini,
863 3779 922 3840 per
952 3755 1030 3820 deos
1067 3754 1292 3819 immortales!

247 3878 333 3941 quae
364 3857 468 3922 fuerit
498 3858 651 3922 celeritas
683 3858 812 3923 reditus
844 3861 926 3937 eius,
959 3862 1016 3945 qui
1053 3861 1224 3946 ingressus
1259 3861 1291 3922 in
