<?xml version="1.0" encoding="UTF-8"?>
<!DOCTYPE html PUBLIC "-//W3C//DTD XHTML 1.0 Transitional//EN"
    "http://www.w3.org/TR/xhtml1/DTD/xhtml1-transitional.dtd">
<html xmlns="http://www.w3.org/1999/xhtml" xml:lang="en" lang="en">
 <head>
  <title>
</title>
<meta http-equiv="Content-Type" content="text/html;charset=utf-8" />
  <meta name='ocr-system' content='tesseract 3.04.00' />
  <meta name='ocr-capabilities' content='ocr_page ocr_carea ocr_par ocr_line ocrx_word'/>
</head>
<body>
  <div class='ocr_page' id='page_1' title='image "./selectedoration01cicegoog_0322.png"; bbox 0 0 2800 4367; ppageno 0'>
   <div class='ocr_carea' id='block_1_1' title="bbox 192 355 1054 422">
    <p class='ocr_par' dir='ltr' id='par_1_1' title="bbox 192 355 1054 422">
     <span class='ocr_line' id='line_1_1' title="bbox 192 355 1054 422; baseline -0.003 -3"><span class='ocrx_word' id='word_1_1' title='bbox 192 355 255 419; x_wconf 81' lang='lat'>320</span> <span class='ocrx_word' id='word_1_2' title='bbox 489 367 560 416; x_wconf 82' lang='lat' dir='ltr'>rao</span> <span class='ocrx_word' id='word_1_3' title='bbox 583 366 730 417; x_wconf 78' lang='lat' dir='ltr'>Ancum</span> <span class='ocrx_word' id='word_1_4' title='bbox 753 365 874 422; x_wconf 73' lang='lat' dir='ltr'>ronan</span> <span class='ocrx_word' id='word_1_5' title='bbox 899 365 1054 416; x_wconf 68' lang='lat' dir='ltr'>namra</span> 
     </span>
    </p>
   </div>
   <div class='ocr_carea' id='block_1_2' title="bbox 188 540 1321 2191">
    <p class='ocr_par' dir='ltr' id='par_1_2' title="bbox 188 540 1321 2191">
     <span class='ocr_line' id='line_1_2' title="bbox 244 540 1302 619; baseline 0.002 -14"><span class='ocrx_word' id='word_1_6' title='bbox 244 542 309 606; x_wconf 90' lang='lat' dir='ltr'>nisi</span> <span class='ocrx_word' id='word_1_7' title='bbox 346 541 475 605; x_wconf 90' lang='lat' dir='ltr'>animos</span> <span class='ocrx_word' id='word_1_8' title='bbox 513 548 644 605; x_wconf 89' lang='lat' dir='ltr'>nostros</span> <span class='ocrx_word' id='word_1_9' title='bbox 682 540 835 606; x_wconf 89' lang='lat' dir='ltr'>doctrina</span> <span class='ocrx_word' id='word_1_10' title='bbox 872 541 1075 619; x_wconf 84' lang='lat' dir='ltr'>excolamus,</span> <span class='ocrx_word' id='word_1_11' title='bbox 1106 549 1167 606; x_wconf 86' lang='lat' dir='ltr'>aut</span> <span class='ocrx_word' id='word_1_12' title='bbox 1204 541 1302 608; x_wconf 83' lang='lat' dir='ltr'>ferre</span> 
     </span>
     <span class='ocr_line' id='line_1_3' title="bbox 192 646 1301 731; baseline 0.005 -22"><span class='ocrx_word' id='word_1_13' title='bbox 192 663 222 709; x_wconf 84' lang='grc' dir='ltr'>ιο</span> <span class='ocrx_word' id='word_1_14' title='bbox 242 648 371 711; x_wconf 88' lang='lat' dir='ltr'>animos</span> <span class='ocrx_word' id='word_1_15' title='bbox 393 654 522 710; x_wconf 79' lang='lat' dir='ltr'>tantam</span> <span class='ocrx_word' id='word_1_16' title='bbox 545 669 640 731; x_wconf 91' lang='lat' dir='ltr'>posse</span> <span class='ocrx_word' id='word_1_17' title='bbox 673 647 935 722; x_wconf 71' lang='lat' dir='ltr'>contentionem,</span> <span class='ocrx_word' id='word_1_18' title='bbox 959 647 1023 709; x_wconf 92' lang='lat' dir='ltr'>nisi</span> <span class='ocrx_word' id='word_1_19' title='bbox 1047 667 1102 711; x_wconf 92' lang='lat' dir='ltr'>eos</span> <span class='ocrx_word' id='word_1_20' title='bbox 1138 646 1301 714; x_wconf 86' lang='lat' dir='ltr'>doctrina</span> 
     </span>
     <span class='ocr_line' id='line_1_4' title="bbox 241 750 1298 837; baseline 0.002 -21"><span class='ocrx_word' id='word_1_21' title='bbox 241 751 357 816; x_wconf 89' lang='lat' dir='ltr'>eadem</span> <span class='ocrx_word' id='word_1_22' title='bbox 372 751 589 816; x_wconf 83' lang='lat' dir='ltr'>relaxemus?</span> <span class='ocrx_word' id='word_1_23' title='bbox 637 751 712 837; x_wconf 88' lang='lat' dir='ltr'>Ego</span> <span class='ocrx_word' id='word_1_24' title='bbox 729 772 808 816; x_wconf 83' lang='lat' dir='ltr'>vero</span> <span class='ocrx_word' id='word_1_25' title='bbox 825 750 933 815; x_wconf 86' lang='lat' dir='ltr'>fateor</span> <span class='ocrx_word' id='word_1_26' title='bbox 945 772 996 815; x_wconf 91' lang='lat' dir='ltr'>me</span> <span class='ocrx_word' id='word_1_27' title='bbox 1014 750 1065 816; x_wconf 88' lang='lat' dir='ltr'>his</span> <span class='ocrx_word' id='word_1_28' title='bbox 1076 751 1199 816; x_wconf 91' lang='lat' dir='ltr'>studiis</span> <span class='ocrx_word' id='word_1_29' title='bbox 1216 774 1298 818; x_wconf 92' lang='lat' dir='ltr'>esse</span> 
     </span>
     <span class='ocr_line' id='line_1_5' title="bbox 244 854 1300 940; baseline 0.002 -21"><span class='ocrx_word' id='word_1_30' title='bbox 244 855 406 921; x_wconf 90' lang='lat' dir='ltr'>deditum.</span> <span class='ocrx_word' id='word_1_31' title='bbox 453 854 591 921; x_wconf 83' lang='lat' dir='ltr'>Ceteros</span> <span class='ocrx_word' id='word_1_32' title='bbox 616 855 752 940; x_wconf 87' lang='lat' dir='ltr'>pudeat,</span> <span class='ocrx_word' id='word_1_33' title='bbox 765 857 792 920; x_wconf 89' lang='lat' dir='ltr'>si</span> <span class='ocrx_word' id='word_1_34' title='bbox 810 855 869 940; x_wconf 93' lang='lat' dir='ltr'>qui</span> <span class='ocrx_word' id='word_1_35' title='bbox 885 856 932 919; x_wconf 89' lang='lat' dir='ltr'>ita</span> <span class='ocrx_word' id='word_1_36' title='bbox 947 876 981 919; x_wconf 89' lang='lat' dir='ltr'>se</span> <span class='ocrx_word' id='word_1_37' title='bbox 1008 855 1130 920; x_wconf 87' lang='lat' dir='ltr'>litteris</span> <span class='ocrx_word' id='word_1_38' title='bbox 1156 855 1300 921; x_wconf 90' lang='lat' dir='ltr'>abdide-</span> 
     </span>
     <span class='ocr_line' id='line_1_6' title="bbox 243 959 1296 1046; baseline 0.003 -23"><span class='ocrx_word' id='word_1_39' title='bbox 243 968 332 1035; x_wconf 89' lang='lat' dir='ltr'>runt,</span> <span class='ocrx_word' id='word_1_40' title='bbox 346 968 385 1024; x_wconf 88' lang='lat' dir='ltr'>ut</span> <span class='ocrx_word' id='word_1_41' title='bbox 400 960 484 1023; x_wconf 88' lang='lat' dir='ltr'>nihil</span> <span class='ocrx_word' id='word_1_42' title='bbox 499 961 630 1045; x_wconf 86' lang='lat' dir='ltr'>possint</span> <span class='ocrx_word' id='word_1_43' title='bbox 644 981 687 1024; x_wconf 85' lang='lat' dir='ltr'>ex</span> <span class='ocrx_word' id='word_1_44' title='bbox 704 960 745 1023; x_wconf 89' lang='lat' dir='ltr'>iis</span> <span class='ocrx_word' id='word_1_45' title='bbox 762 981 871 1044; x_wconf 93' lang='lat' dir='ltr'>neque</span> <span class='ocrx_word' id='word_1_46' title='bbox 883 959 926 1022; x_wconf 93' lang='lat' dir='ltr'>ad</span> <span class='ocrx_word' id='word_1_47' title='bbox 937 981 1147 1046; x_wconf 84' lang='lat' dir='ltr'>communem</span> <span class='ocrx_word' id='word_1_48' title='bbox 1158 959 1296 1026; x_wconf 83' lang='lat' dir='ltr'>adferre</span> 
     </span>
     <span class='ocr_line' id='line_1_7' title="bbox 243 1048 1296 1149; baseline 0.002 -21"><span class='ocrx_word' id='word_1_49' title='bbox 243 1048 394 1130; x_wconf 81' lang='lat' dir='ltr'>fructum</span> <span class='ocrx_word' id='word_1_50' title='bbox 424 1085 533 1149; x_wconf 89' lang='lat' dir='ltr'>neque</span> <span class='ocrx_word' id='word_1_51' title='bbox 564 1065 599 1127; x_wconf 89' lang='lat' dir='ltr'>in</span> <span class='ocrx_word' id='word_1_52' title='bbox 625 1070 799 1148; x_wconf 86' lang='lat' dir='ltr'>aspectum</span> <span class='ocrx_word' id='word_1_53' title='bbox 830 1064 1007 1148; x_wconf 89' lang='lat' dir='ltr'>lucemque</span> <span class='ocrx_word' id='word_1_54' title='bbox 1035 1063 1203 1148; x_wconf 81' lang='lat' dir='ltr'>proferre3</span> <span class='ocrx_word' id='word_1_55' title='bbox 1239 1087 1296 1131; x_wconf 91' lang='lat' dir='ltr'>me</span> 
     </span>
     <span class='ocr_line' id='line_1_8' title="bbox 191 1168 1295 1254; baseline 0.003 -25"><span class='ocrx_word' id='word_1_56' title='bbox 191 1186 219 1231; x_wconf 83' lang='lat'>15</span> <span class='ocrx_word' id='word_1_57' title='bbox 241 1177 354 1234; x_wconf 87' lang='lat' dir='ltr'>autem</span> <span class='ocrx_word' id='word_1_58' title='bbox 370 1169 454 1254; x_wconf 90' lang='lat' dir='ltr'>quid</span> <span class='ocrx_word' id='word_1_59' title='bbox 469 1168 604 1252; x_wconf 88' lang='lat' dir='ltr'>pudeat,</span> <span class='ocrx_word' id='word_1_60' title='bbox 621 1169 680 1253; x_wconf 92' lang='lat' dir='ltr'>qui</span> <span class='ocrx_word' id='word_1_61' title='bbox 697 1174 749 1232; x_wconf 90' lang='lat' dir='ltr'>tot</span> <span class='ocrx_word' id='word_1_62' title='bbox 761 1189 864 1232; x_wconf 90' lang='lat' dir='ltr'>annos</span> <span class='ocrx_word' id='word_1_63' title='bbox 882 1169 929 1232; x_wconf 88' lang='lat' dir='ltr'>ita</span> <span class='ocrx_word' id='word_1_64' title='bbox 946 1169 1034 1244; x_wconf 72' lang='lat' dir='ltr'>viva</span> <span class='ocrx_word' id='word_1_65' title='bbox 1052 1168 1189 1244; x_wconf 77' lang='lat' dir='ltr'>iudiceS,</span> <span class='ocrx_word' id='word_1_66' title='bbox 1208 1176 1250 1233; x_wconf 85' lang='lat' dir='ltr'>ut</span> <span class='ocrx_word' id='word_1_67' title='bbox 1274 1191 1295 1232; x_wconf 91' lang='lat' dir='ltr'>a</span> 
     </span>
     <span class='ocr_line' id='line_1_9' title="bbox 243 1265 1321 1357; baseline -0.001 -20"><span class='ocrx_word' id='word_1_68' title='bbox 243 1274 369 1337; x_wconf 88' lang='lat' dir='ltr'>nullius</span> <span class='ocrx_word' id='word_1_69' title='bbox 382 1294 542 1357; x_wconf 87' lang='lat' dir='ltr'>umquam</span> <span class='ocrx_word' id='word_1_70' title='bbox 559 1295 611 1342; x_wconf 90' lang='lat' dir='ltr'>me</span> <span class='ocrx_word' id='word_1_71' title='bbox 634 1280 783 1357; x_wconf 90' lang='lat' dir='ltr'>tempore</span> <span class='ocrx_word' id='word_1_72' title='bbox 811 1279 871 1337; x_wconf 87' lang='lat' dir='ltr'>aut</span> <span class='ocrx_word' id='word_1_73' title='bbox 897 1271 1070 1336; x_wconf 92' lang='lat' dir='ltr'>oommodo</span> <span class='ocrx_word' id='word_1_74' title='bbox 1096 1279 1156 1337; x_wconf 88' lang='lat' dir='ltr'>aut</span> <span class='ocrx_word' id='word_1_75' title='bbox 1180 1273 1293 1336; x_wconf 88' lang='lat' dir='ltr'>otium</span> <span class='ocrx_word' id='word_1_76' title='bbox 1313 1265 1321 1285; x_wconf 81' lang='lat'><strong><em>⁴</em></strong></span> 
     </span>
     <span class='ocr_line' id='line_1_10' title="bbox 245 1375 1292 1460; baseline 0.001 -19"><span class='ocrx_word' id='word_1_77' title='bbox 245 1399 355 1441; x_wconf 92' lang='lat' dir='ltr'>meum</span> <span class='ocrx_word' id='word_1_78' title='bbox 386 1376 586 1441; x_wconf 84' lang='lat' dir='ltr'>abstraxerit</span> <span class='ocrx_word' id='word_1_79' title='bbox 611 1383 671 1440; x_wconf 90' lang='lat' dir='ltr'>aut</span> <span class='ocrx_word' id='word_1_80' title='bbox 696 1376 851 1460; x_wconf 89' lang='lat' dir='ltr'>voluptas</span> <span class='ocrx_word' id='word_1_81' title='bbox 876 1377 1024 1440; x_wconf 87' lang='lat' dir='ltr'>avocarit</span> <span class='ocrx_word' id='word_1_82' title='bbox 1053 1383 1125 1439; x_wconf 90' lang='lat' dir='ltr'>aut·</span> <span class='ocrx_word' id='word_1_83' title='bbox 1142 1375 1292 1460; x_wconf 89' lang='lat' dir='ltr'>denique</span> 
     </span>
     <span class='ocr_line' id='line_1_11' title="bbox 190 1479 1293 1564; baseline 0 -20"><span class='ocrx_word' id='word_1_84' title='bbox 190 1485 227 1546; x_wconf 82' lang='lat'>13</span> <span class='ocrx_word' id='word_1_85' title='bbox 238 1503 374 1546; x_wconf 89' lang='lat' dir='ltr'>somnus</span> <span class='ocrx_word' id='word_1_86' title='bbox 390 1480 592 1546; x_wconf 86' lang='lat' dir='ltr'>retardarit?</span> <span class='ocrx_word' id='word_1_87' title='bbox 637 1480 750 1558; x_wconf 82' lang='lat' dir='ltr'>Quare</span> <span class='ocrx_word' id='word_1_88' title='bbox 776 1481 852 1564; x_wconf 92' lang='lat' dir='ltr'>quis</span> <span class='ocrx_word' id='word_1_89' title='bbox 877 1479 1012 1544; x_wconf 89' lang='lat' dir='ltr'>tandem</span> <span class='ocrx_word' id='word_1_90' title='bbox 1037 1501 1088 1544; x_wconf 92' lang='lat' dir='ltr'>me</span> <span class='ocrx_word' id='word_1_91' title='bbox 1116 1480 1293 1564; x_wconf 90' lang='lat' dir='ltr'>reprehen-</span> 
     </span>
     <span class='ocr_line' id='line_1_12' title="bbox 243 1584 1291 1669; baseline 0.001 -21"><span class='ocrx_word' id='word_1_92' title='bbox 243 1584 310 1661; x_wconf 90' lang='lat' dir='ltr'>dat,</span> <span class='ocrx_word' id='word_1_93' title='bbox 327 1592 387 1648; x_wconf 89' lang='lat' dir='ltr'>aut</span> <span class='ocrx_word' id='word_1_94' title='bbox 402 1585 478 1669; x_wconf 87' lang='lat' dir='ltr'>quis</span> <span class='ocrx_word' id='word_1_95' title='bbox 501 1585 583 1648; x_wconf 91' lang='lat' dir='ltr'>mihi</span> <span class='ocrx_word' id='word_1_96' title='bbox 606 1585 677 1650; x_wconf 89' lang='lat' dir='ltr'>iure</span> <span class='ocrx_word' id='word_1_97' title='bbox 703 1591 904 1659; x_wconf 86' lang='lat' dir='ltr'>suscenseat,</span> <span class='ocrx_word' id='word_1_98' title='bbox 922 1585 960 1660; x_wconf 90' lang='lat' dir='ltr'>si,</span> <span class='ocrx_word' id='word_1_99' title='bbox 978 1590 1143 1668; x_wconf 89' lang='lat' dir='ltr'>quantum</span> <span class='ocrx_word' id='word_1_100' title='bbox 1169 1586 1291 1650; x_wconf 87' lang='lat' dir='ltr'>ceteris</span> 
     </span>
     <span class='ocr_line' id='line_1_13' title="bbox 188 1687 1289 1772; baseline -0.001 -20"><span class='ocrx_word' id='word_1_101' title='bbox 188 1701 217 1745; x_wconf 78' lang='lat'>20</span> <span class='ocrx_word' id='word_1_102' title='bbox 239 1688 282 1752; x_wconf 90' lang='lat' dir='ltr'>ad</span> <span class='ocrx_word' id='word_1_103' title='bbox 296 1709 374 1752; x_wconf 85' lang='lat' dir='ltr'>suas</span> <span class='ocrx_word' id='word_1_104' title='bbox 391 1709 442 1752; x_wconf 90' lang='lat' dir='ltr'>res</span> <span class='ocrx_word' id='word_1_105' title='bbox 465 1687 645 1764; x_wconf 88' lang='lat' dir='ltr'>obeundas,</span> <span class='ocrx_word' id='word_1_106' title='bbox 663 1695 830 1772; x_wconf 85' lang='lat' dir='ltr'>quantum</span> <span class='ocrx_word' id='word_1_107' title='bbox 845 1687 888 1751; x_wconf 94' lang='lat' dir='ltr'>ad</span> <span class='ocrx_word' id='word_1_108' title='bbox 903 1687 1009 1752; x_wconf 80' lang='lat' dir='ltr'>festos</span> <span class='ocrx_word' id='word_1_109' title='bbox 1033 1687 1104 1752; x_wconf 90' lang='lat' dir='ltr'>dies</span> <span class='ocrx_word' id='word_1_110' title='bbox 1130 1687 1289 1752; x_wconf 86' lang='lat' dir='ltr'>ludorum</span> 
     </span>
     <span class='ocr_line' id='line_1_14' title="bbox 241 1777 1288 1877; baseline 0.001 -22"><span class='ocrx_word' id='word_1_111' title='bbox 241 1777 465 1867; x_wconf 74' lang='lat' dir='ltr'>celebrandos</span> <span class='ocrx_word' id='word_1_112' title='bbox 482 1799 647 1876; x_wconf 88' lang='lat' dir='ltr'>quantum</span> <span class='ocrx_word' id='word_1_113' title='bbox 671 1791 713 1856; x_wconf 91' lang='lat' dir='ltr'>ad</span> <span class='ocrx_word' id='word_1_114' title='bbox 741 1792 822 1856; x_wconf 87' lang='lat' dir='ltr'>alias</span> <span class='ocrx_word' id='word_1_115' title='bbox 850 1793 1039 1876; x_wconf 85' lang='lat' dir='ltr'>voluptates</span> <span class='ocrx_word' id='word_1_116' title='bbox 1064 1791 1166 1856; x_wconf 89' lang='lat' dir='ltr'>etad</span> <span class='ocrx_word' id='word_1_117' title='bbox 1182 1793 1288 1877; x_wconf 90' lang='lat' dir='ltr'>ipsam</span> 
     </span>
     <span class='ocr_line' id='line_1_15' title="bbox 241 1895 1290 1981; baseline 0.001 -22"><span class='ocrx_word' id='word_1_118' title='bbox 241 1898 390 1980; x_wconf 90' lang='lat' dir='ltr'>requiem</span> <span class='ocrx_word' id='word_1_119' title='bbox 413 1897 515 1959; x_wconf 90' lang='lat' dir='ltr'>animi</span> <span class='ocrx_word' id='word_1_120' title='bbox 531 1904 566 1960; x_wconf 89' lang='lat' dir='ltr'>et</span> <span class='ocrx_word' id='word_1_121' title='bbox 580 1898 726 1981; x_wconf 90' lang='lat' dir='ltr'>corporis</span> <span class='ocrx_word' id='word_1_122' title='bbox 752 1895 947 1962; x_wconf 88' lang='lat' dir='ltr'>conceditur</span> <span class='ocrx_word' id='word_1_123' title='bbox 972 1904 1169 1981; x_wconf 90' lang='lat' dir='ltr'>temporum,</span> <span class='ocrx_word' id='word_1_124' title='bbox 1186 1918 1290 1981; x_wconf 90' lang='lat' dir='ltr'>quan-</span> 
     </span>
     <span class='ocr_line' id='line_1_16' title="bbox 242 2000 1288 2086; baseline 0.001 -21"><span class='ocrx_word' id='word_1_125' title='bbox 242 2009 315 2065; x_wconf 86' lang='lat' dir='ltr'>tum</span> <span class='ocrx_word' id='word_1_126' title='bbox 327 2002 384 2064; x_wconf 87' lang='lat' dir='ltr'>alii</span> <span class='ocrx_word' id='word_1_127' title='bbox 394 2000 550 2064; x_wconf 87' lang='lat' dir='ltr'>tribuunt</span> <span class='ocrx_word' id='word_1_128' title='bbox 561 2002 769 2086; x_wconf 84' lang='lat' dir='ltr'>tempestivis</span> <span class='ocrx_word' id='word_1_129' title='bbox 779 2002 952 2077; x_wconf 74' lang='lat' dir='ltr'>conviviis</span> <span class='ocrx_word' id='word_1_130' title='bbox 966 2008 1130 2086; x_wconf 87' lang='lat' dir='ltr'>quantum</span> <span class='ocrx_word' id='word_1_131' title='bbox 1141 2000 1288 2086; x_wconf 91' lang='lat' dir='ltr'>denique</span> 
     </span>
     <span class='ocr_line' id='line_1_17' title="bbox 243 2105 1287 2191; baseline 0.003 -23"><span class='ocrx_word' id='word_1_132' title='bbox 243 2105 382 2181; x_wconf 86' lang='lat' dir='ltr'>alveolo,</span> <span class='ocrx_word' id='word_1_133' title='bbox 399 2111 564 2188; x_wconf 90' lang='lat' dir='ltr'>quantum</span> <span class='ocrx_word' id='word_1_134' title='bbox 588 2106 686 2189; x_wconf 89' lang='lat' dir='ltr'>pilae,</span> <span class='ocrx_word' id='word_1_135' title='bbox 715 2114 847 2170; x_wconf 90' lang='lat' dir='ltr'>tantum</span> <span class='ocrx_word' id='word_1_136' title='bbox 874 2105 955 2168; x_wconf 89' lang='lat' dir='ltr'>mihi</span> <span class='ocrx_word' id='word_1_137' title='bbox 982 2111 1115 2191; x_wconf 86' lang='lat' dir='ltr'>egomet</span> <span class='ocrx_word' id='word_1_138' title='bbox 1141 2105 1287 2171; x_wconf 89' lang='lat' dir='ltr'>adhaec</span> 
     </span>
    </p>
   </div>
   <div class='ocr_carea' id='block_1_3' title="bbox 187 2209 1383 2295">
    <p class='ocr_par' dir='ltr' id='par_1_3' title="bbox 187 2209 1383 2295">
     <span class='ocr_line' id='line_1_18' title="bbox 187 2209 1383 2295; baseline 0.002 -21"><span class='ocrx_word' id='word_1_139' title='bbox 187 2229 217 2274; x_wconf 75' lang='lat'>25</span> <span class='ocrx_word' id='word_1_140' title='bbox 239 2210 352 2275; x_wconf 92' lang='lat' dir='ltr'>studia</span> <span class='ocrx_word' id='word_1_141' title='bbox 368 2209 543 2274; x_wconf 90' lang='lat' dir='ltr'>recolenda</span> <span class='ocrx_word' id='word_1_142' title='bbox 558 2211 754 2295; x_wconf 85' lang='lat' dir='ltr'>sumpsero?</span> <span class='ocrx_word' id='word_1_143' title='bbox 802 2210 918 2295; x_wconf 86' lang='lat' dir='ltr'>Atque</span> <span class='ocrx_word' id='word_1_144' title='bbox 935 2210 997 2275; x_wconf 89' lang='lat' dir='ltr'>hoc</span> <span class='ocrx_word' id='word_1_145' title='bbox 1013 2232 1052 2276; x_wconf 89' lang='lat' dir='ltr'>eo</span> <span class='ocrx_word' id='word_1_146' title='bbox 1069 2211 1150 2274; x_wconf 92' lang='lat' dir='ltr'>mihi</span> <span class='ocrx_word' id='word_1_147' title='bbox 1174 2233 1287 2276; x_wconf 88' lang='lat' dir='ltr'>conce·</span> <span class='ocrx_word' id='word_1_148' title='bbox 1382 2255 1383 2258; x_wconf 56' lang='lat'><em>=</em></span> 
     </span>
    </p>
   </div>
   <div class='ocr_carea' id='block_1_4' title="bbox 188 2313 1285 2817">
    <p class='ocr_par' dir='ltr' id='par_1_4' title="bbox 188 2313 1285 2817">
     <span class='ocr_line' id='line_1_19' title="bbox 241 2313 1285 2400; baseline 0.002 -21"><span class='ocrx_word' id='word_1_149' title='bbox 241 2315 388 2380; x_wconf 89' lang='lat' dir='ltr'>deudum</span> <span class='ocrx_word' id='word_1_150' title='bbox 415 2322 468 2379; x_wconf 89' lang='lat' dir='ltr'>est</span> <span class='ocrx_word' id='word_1_151' title='bbox 492 2315 608 2400; x_wconf 86' lang='lat' dir='ltr'>magis,</span> <span class='ocrx_word' id='word_1_152' title='bbox 627 2313 720 2398; x_wconf 92' lang='lat' dir='ltr'>quod</span> <span class='ocrx_word' id='word_1_153' title='bbox 747 2336 788 2378; x_wconf 86' lang='lat' dir='ltr'>ex</span> <span class='ocrx_word' id='word_1_154' title='bbox 816 2314 878 2379; x_wconf 76' lang='lat' dir='ltr'>his&#39;</span> <span class='ocrx_word' id='word_1_155' title='bbox 895 2314 1016 2379; x_wconf 88' lang='lat' dir='ltr'>studiis</span> <span class='ocrx_word' id='word_1_156' title='bbox 1044 2315 1125 2380; x_wconf 90' lang='lat' dir='ltr'>haec</span> <span class='ocrx_word' id='word_1_157' title='bbox 1150 2337 1285 2400; x_wconf 86' lang='lat' dir='ltr'>quoque</span> 
     </span>
     <span class='ocr_line' id='line_1_20' title="bbox 241 2418 1283 2505; baseline 0 -20"><span class='ocrx_word' id='word_1_158' title='bbox 241 2421 364 2486; x_wconf 86' lang='lat' dir='ltr'>crescit</span> <span class='ocrx_word' id='word_1_159' title='bbox 375 2420 480 2484; x_wconf 89' lang='lat' dir='ltr'>oratio</span> <span class='ocrx_word' id='word_1_160' title='bbox 496 2427 531 2483; x_wconf 90' lang='lat' dir='ltr'>et</span> <span class='ocrx_word' id='word_1_161' title='bbox 547 2418 699 2495; x_wconf 78' lang='lat' dir='ltr'>facultas,</span> <span class='ocrx_word' id='word_1_162' title='bbox 719 2441 804 2503; x_wconf 88' lang='lat' dir='ltr'>quae</span> <span class='ocrx_word' id='word_1_163' title='bbox 821 2429 1094 2505; x_wconf 88' lang='lat' dir='ltr'>quantacumque</span> <span class='ocrx_word' id='word_1_164' title='bbox 1112 2421 1145 2483; x_wconf 93' lang='lat' dir='ltr'>in</span> <span class='ocrx_word' id='word_1_165' title='bbox 1162 2442 1213 2485; x_wconf 91' lang='lat' dir='ltr'>me</span> <span class='ocrx_word' id='word_1_166' title='bbox 1224 2429 1283 2497; x_wconf 92' lang='lat' dir='ltr'>est,</span> 
     </span>
     <span class='ocr_line' id='line_1_21' title="bbox 241 2523 1284 2609; baseline 0 -21"><span class='ocrx_word' id='word_1_167' title='bbox 241 2546 425 2609; x_wconf 87' lang='lat' dir='ltr'>numquam</span> <span class='ocrx_word' id='word_1_168' title='bbox 455 2525 637 2588; x_wconf 87' lang='lat' dir='ltr'>amicorum</span> <span class='ocrx_word' id='word_1_169' title='bbox 675 2524 832 2608; x_wconf 91' lang='lat' dir='ltr'>periculis</span> <span class='ocrx_word' id='word_1_170' title='bbox 863 2523 984 2589; x_wconf 81' lang='lat' dir='ltr'>defuit.</span> <span class='ocrx_word' id='word_1_171' title='bbox 1046 2524 1142 2603; x_wconf 82' lang='lat' dir='ltr'>Quae</span> <span class='ocrx_word' id='word_1_172' title='bbox 1172 2525 1200 2590; x_wconf 90' lang='lat' dir='ltr'>si</span> <span class='ocrx_word' id='word_1_173' title='bbox 1230 2527 1284 2589; x_wconf 88' lang='lat' dir='ltr'>cui</span> 
     </span>
     <span class='ocr_line' id='line_1_22' title="bbox 188 2627 1282 2712; baseline 0.003 -21"><span class='ocrx_word' id='word_1_174' title='bbox 188 2646 217 2691; x_wconf 83' lang='lat'>29</span> <span class='ocrx_word' id='word_1_175' title='bbox 238 2631 345 2693; x_wconf 89' lang='lat' dir='ltr'>levior</span> <span class='ocrx_word' id='word_1_176' title='bbox 360 2627 504 2705; x_wconf 88' lang='lat' dir='ltr'>videtur,</span> <span class='ocrx_word' id='word_1_177' title='bbox 521 2628 579 2690; x_wconf 86' lang='lat' dir='ltr'>illa</span> <span class='ocrx_word' id='word_1_178' title='bbox 596 2628 734 2712; x_wconf 93' lang='lat' dir='ltr'>quidem</span> <span class='ocrx_word' id='word_1_179' title='bbox 756 2635 855 2704; x_wconf 88' lang='lat' dir='ltr'>certe,</span> <span class='ocrx_word' id='word_1_180' title='bbox 869 2651 955 2712; x_wconf 91' lang='lat' dir='ltr'>quae</span> <span class='ocrx_word' id='word_1_181' title='bbox 981 2651 1110 2693; x_wconf 88' lang='lat' dir='ltr'>summa</span> <span class='ocrx_word' id='word_1_182' title='bbox 1136 2637 1225 2704; x_wconf 82' lang='lat' dir='ltr'>sunt,</span> <span class='ocrx_word' id='word_1_183' title='bbox 1242 2652 1282 2694; x_wconf 87' lang='lat' dir='ltr'>ex</span> 
     </span>
     <span class='ocr_line' id='line_1_23' title="bbox 189 2731 1283 2817; baseline 0.001 -20"><span class='ocrx_word' id='word_1_184' title='bbox 189 2738 226 2798; x_wconf 83' lang='lat'>14</span> <span class='ocrx_word' id='word_1_185' title='bbox 239 2755 306 2817; x_wconf 93' lang='lat' dir='ltr'>quo</span> <span class='ocrx_word' id='word_1_186' title='bbox 323 2732 416 2797; x_wconf 86' lang='lat' dir='ltr'>fonte</span> <span class='ocrx_word' id='word_1_187' title='bbox 441 2732 602 2807; x_wconf 88' lang='lat' dir='ltr'>hauriam,</span> <span class='ocrx_word' id='word_1_188' title='bbox 620 2734 738 2796; x_wconf 79' lang='lat' dir='ltr'>sentio</span> <span class='ocrx_word' id='word_1_189' title='bbox 786 2731 882 2808; x_wconf 89' lang='lat' dir='ltr'>Nam,</span> <span class='ocrx_word' id='word_1_190' title='bbox 900 2734 966 2797; x_wconf 88' lang='lat' dir='ltr'>nisi</span> <span class='ocrx_word' id='word_1_191' title='bbox 994 2734 1177 2797; x_wconf 83' lang='lat' dir='ltr'>multorum</span> <span class='ocrx_word' id='word_1_192' title='bbox 1193 2755 1283 2817; x_wconf 88' lang='lat' dir='ltr'>prae-</span> 
     </span>
    </p>
   </div>
   <div class='ocr_carea' id='block_1_5' title="bbox 243 2836 1383 2921">
    <p class='ocr_par' dir='ltr' id='par_1_5' title="bbox 243 2836 1383 2921">
     <span class='ocr_line' id='line_1_24' title="bbox 243 2836 1383 2921; baseline 0 -20"><span class='ocrx_word' id='word_1_193' title='bbox 243 2839 348 2921; x_wconf 83' lang='lat' dir='ltr'>ceptis</span> <span class='ocrx_word' id='word_1_194' title='bbox 364 2837 549 2921; x_wconf 90' lang='lat' dir='ltr'>multisque</span> <span class='ocrx_word' id='word_1_195' title='bbox 565 2837 688 2900; x_wconf 89' lang='lat' dir='ltr'>litteris</span> <span class='ocrx_word' id='word_1_196' title='bbox 705 2837 786 2899; x_wconf 90' lang='lat' dir='ltr'>mihi</span> <span class='ocrx_word' id='word_1_197' title='bbox 802 2837 844 2901; x_wconf 89' lang='lat' dir='ltr'>ab</span> <span class='ocrx_word' id='word_1_198' title='bbox 856 2836 1086 2902; x_wconf 89' lang='lat' dir='ltr'>adulescentia</span> <span class='ocrx_word' id='word_1_199' title='bbox 1109 2839 1282 2903; x_wconf 86' lang='lat' dir='ltr'>suasissem</span> <span class='ocrx_word' id='word_1_200' title='bbox 1382 2843 1383 2854; x_wconf 69' lang='lat'><em>²</em></span> 
     </span>
    </p>
   </div>
   <div class='ocr_carea' id='block_1_6' title="bbox 186 2941 1280 3957">
    <p class='ocr_par' dir='ltr' id='par_1_6' title="bbox 186 2941 1280 3957">
     <span class='ocr_line' id='line_1_25' title="bbox 240 2941 1280 3026; baseline 0.004 -23"><span class='ocrx_word' id='word_1_201' title='bbox 240 2941 324 3003; x_wconf 87' lang='lat' dir='ltr'>nihil</span> <span class='ocrx_word' id='word_1_202' title='bbox 340 2962 412 3004; x_wconf 91' lang='lat' dir='ltr'>esse</span> <span class='ocrx_word' id='word_1_203' title='bbox 430 2941 465 3002; x_wconf 93' lang='lat' dir='ltr'>in</span> <span class='ocrx_word' id='word_1_204' title='bbox 483 2942 552 3005; x_wconf 91' lang='lat' dir='ltr'>vita</span> <span class='ocrx_word' id='word_1_205' title='bbox 569 2962 690 3026; x_wconf 88' lang='lat' dir='ltr'>magno</span> <span class='ocrx_word' id='word_1_206' title='bbox 704 2962 801 3024; x_wconf 91' lang='lat' dir='ltr'>opere</span> <span class='ocrx_word' id='word_1_207' title='bbox 819 2941 1046 3024; x_wconf 86' lang='lat' dir='ltr'>expetendum</span> <span class='ocrx_word' id='word_1_208' title='bbox 1063 2942 1127 3006; x_wconf 87' lang='lat' dir='ltr'>nisi</span> <span class='ocrx_word' id='word_1_209' title='bbox 1151 2942 1280 3007; x_wconf 89' lang='lat' dir='ltr'>laudem</span> 
     </span>
     <span class='ocr_line' id='line_1_26' title="bbox 240 3044 1280 3130; baseline 0.005 -24"><span class='ocrx_word' id='word_1_210' title='bbox 240 3052 342 3128; x_wconf 88' lang='lat' dir='ltr'>atque</span> <span class='ocrx_word' id='word_1_211' title='bbox 359 3044 577 3119; x_wconf 89' lang='lat' dir='ltr'>honestatem,</span> <span class='ocrx_word' id='word_1_212' title='bbox 596 3045 630 3108; x_wconf 90' lang='lat' dir='ltr'>in</span> <span class='ocrx_word' id='word_1_213' title='bbox 646 3066 685 3108; x_wconf 92' lang='lat' dir='ltr'>ea</span> <span class='ocrx_word' id='word_1_214' title='bbox 700 3052 815 3108; x_wconf 91' lang='lat' dir='ltr'>autem</span> <span class='ocrx_word' id='word_1_215' title='bbox 838 3045 1069 3130; x_wconf 89' lang='lat' dir='ltr'>persequenda</span> <span class='ocrx_word' id='word_1_216' title='bbox 1085 3068 1198 3110; x_wconf 90' lang='lat' dir='ltr'>omnes</span> <span class='ocrx_word' id='word_1_217' title='bbox 1214 3069 1280 3110; x_wconf 92' lang='lat' dir='ltr'>cru·</span> 
     </span>
     <span class='ocr_line' id='line_1_27' title="bbox 242 3125 1279 3234; baseline 0.003 -23"><span class='ocrx_word' id='word_1_218' title='bbox 242 3149 349 3212; x_wconf 89' lang='lat' dir='ltr'>ciatus</span> <span class='ocrx_word' id='word_1_219' title='bbox 366 3149 521 3232; x_wconf 87' lang='lat' dir='ltr'>corporis,</span> <span class='ocrx_word' id='word_1_220' title='bbox 539 3149 659 3211; x_wconf 90' lang='lat' dir='ltr'>omnia·</span> <span class='ocrx_word' id='word_1_221' title='bbox 665 3125 816 3232; x_wconf 78' lang='lat' dir='ltr'>pericula</span> <span class='ocrx_word' id='word_1_222' title='bbox 834 3151 948 3213; x_wconf 87' lang='lat' dir='ltr'>mortis</span> <span class='ocrx_word' id='word_1_223' title='bbox 965 3158 1067 3234; x_wconf 87' lang='lat' dir='ltr'>atque</span> <span class='ocrx_word' id='word_1_224' title='bbox 1084 3151 1177 3214; x_wconf 86' lang='lat' dir='ltr'>exilii</span> <span class='ocrx_word' id='word_1_225' title='bbox 1189 3153 1279 3234; x_wconf 89' lang='lat' dir='ltr'>parvi</span> 
     </span>
     <span class='ocr_line' id='line_1_28' title="bbox 187 3250 1278 3337; baseline 0 -17"><span class='ocrx_word' id='word_1_226' title='bbox 187 3267 216 3320; x_wconf 82' lang='lat'>35.</span> <span class='ocrx_word' id='word_1_227' title='bbox 238 3273 310 3317; x_wconf 91' lang='lat' dir='ltr'>esse</span> <span class='ocrx_word' id='word_1_228' title='bbox 328 3250 491 3329; x_wconf 87' lang='lat' dir='ltr'>ducenda,</span> <span class='ocrx_word' id='word_1_229' title='bbox 510 3273 695 3336; x_wconf 88' lang='lat' dir='ltr'>numquam</span> <span class='ocrx_word' id='word_1_230' title='bbox 719 3275 771 3317; x_wconf 91' lang='lat' dir='ltr'>me</span> <span class='ocrx_word' id='word_1_231' title='bbox 788 3275 847 3337; x_wconf 89' lang='lat' dir='ltr'>pro</span> <span class='ocrx_word' id='word_1_232' title='bbox 871 3254 979 3318; x_wconf 89' lang='lat' dir='ltr'>salute</span> <span class='ocrx_word' id='word_1_233' title='bbox 997 3261 1107 3319; x_wconf 89' lang='lat' dir='ltr'>vestra</span> <span class='ocrx_word' id='word_1_234' title='bbox 1124 3255 1158 3317; x_wconf 90' lang='lat' dir='ltr'>in</span> <span class='ocrx_word' id='word_1_235' title='bbox 1174 3261 1224 3318; x_wconf 87' lang='lat' dir='ltr'>tot</span> <span class='ocrx_word' id='word_1_236' title='bbox 1243 3277 1278 3320; x_wconf 88' lang='lat' dir='ltr'>ac</span> 
     </span>
     <span class='ocr_line' id='line_1_29' title="bbox 240 3356 1279 3444; baseline 0.002 -24"><span class='ocrx_word' id='word_1_237' title='bbox 240 3364 349 3421; x_wconf 90' lang='lat' dir='ltr'>tantas</span> <span class='ocrx_word' id='word_1_238' title='bbox 375 3356 604 3420; x_wconf 89' lang='lat' dir='ltr'>dimicationes</span> <span class='ocrx_word' id='word_1_239' title='bbox 628 3364 731 3441; x_wconf 90' lang='lat' dir='ltr'>atque</span> <span class='ocrx_word' id='word_1_240' title='bbox 759 3359 794 3419; x_wconf 88' lang='lat' dir='ltr'>in</span> <span class='ocrx_word' id='word_1_241' title='bbox 821 3357 880 3421; x_wconf 92' lang='lat' dir='ltr'>hos</span> <span class='ocrx_word' id='word_1_242' title='bbox 907 3356 1156 3444; x_wconf 84' lang='lat' dir='ltr'>profligatorum</span> <span class='ocrx_word' id='word_1_243' title='bbox 1184 3359 1279 3422; x_wconf 89' lang='lat' dir='ltr'>homi-</span> 
     </span>
     <span class='ocr_line' id='line_1_30' title="bbox 241 3461 1276 3547; baseline 0.004 -23"><span class='ocrx_word' id='word_1_244' title='bbox 241 3483 323 3524; x_wconf 93' lang='lat' dir='ltr'>num</span> <span class='ocrx_word' id='word_1_245' title='bbox 348 3461 532 3526; x_wconf 90' lang='lat' dir='ltr'>cotidianos</span> <span class='ocrx_word' id='word_1_246' title='bbox 557 3462 703 3545; x_wconf 88' lang='lat' dir='ltr'>impetus</span> <span class='ocrx_word' id='word_1_247' title='bbox 729 3461 933 3526; x_wconf 83' lang='lat' dir='ltr'>obiecissem.</span> <span class='ocrx_word' id='word_1_248' title='bbox 980 3461 1047 3526; x_wconf 84' lang='lat' dir='ltr'>Sed</span> <span class='ocrx_word' id='word_1_249' title='bbox 1063 3463 1154 3547; x_wconf 86' lang='lat' dir='ltr'>pleni</span> <span class='ocrx_word' id='word_1_250' title='bbox 1170 3485 1276 3528; x_wconf 91' lang='lat' dir='ltr'>omnes</span> 
     </span>
     <span class='ocr_line' id='line_1_31' title="bbox 239 3565 1274 3651; baseline 0 -21"><span class='ocrx_word' id='word_1_251' title='bbox 239 3572 320 3630; x_wconf 89' lang='lat' dir='ltr'>sunt</span> <span class='ocrx_word' id='word_1_252' title='bbox 343 3565 429 3641; x_wconf 92' lang='lat' dir='ltr'>libri,</span> <span class='ocrx_word' id='word_1_253' title='bbox 446 3566 564 3650; x_wconf 92' lang='lat' dir='ltr'>plenae</span> <span class='ocrx_word' id='word_1_254' title='bbox 589 3566 792 3649; x_wconf 89' lang='lat' dir='ltr'>sapientium</span> <span class='ocrx_word' id='word_1_255' title='bbox 808 3588 914 3642; x_wconf 88' lang='lat' dir='ltr'>voees,</span> <span class='ocrx_word' id='word_1_256' title='bbox 932 3567 1031 3651; x_wconf 87' lang='lat' dir='ltr'>plena</span> <span class='ocrx_word' id='word_1_257' title='bbox 1055 3568 1274 3651; x_wconf 82' lang='lat' dir='ltr'>exemplorum</span> 
     </span>
     <span class='ocr_line' id='line_1_32' title="bbox 239 3671 1276 3755; baseline 0.001 -22"><span class='ocrx_word' id='word_1_258' title='bbox 239 3678 409 3746; x_wconf 80' lang='lat' dir='ltr'>vetustas3</span> <span class='ocrx_word' id='word_1_259' title='bbox 434 3691 518 3755; x_wconf 91' lang='lat' dir='ltr'>quae</span> <span class='ocrx_word' id='word_1_260' title='bbox 545 3671 692 3734; x_wconf 91' lang='lat' dir='ltr'>iacerent</span> <span class='ocrx_word' id='word_1_261' title='bbox 708 3671 741 3732; x_wconf 89' lang='lat' dir='ltr'>in</span> <span class='ocrx_word' id='word_1_262' title='bbox 761 3671 904 3735; x_wconf 90' lang='lat' dir='ltr'>tenebris</span> <span class='ocrx_word' id='word_1_263' title='bbox 932 3672 1052 3747; x_wconf 90' lang='lat' dir='ltr'>omnia,</span> <span class='ocrx_word' id='word_1_264' title='bbox 1071 3672 1136 3735; x_wconf 89' lang='lat' dir='ltr'>nisi</span> <span class='ocrx_word' id='word_1_265' title='bbox 1160 3671 1276 3735; x_wconf 86' lang='lat' dir='ltr'>littera-</span> 
     </span>
     <span class='ocr_line' id='line_1_33' title="bbox 186 3773 1273 3862; baseline 0.005 -28"><span class='ocrx_word' id='word_1_266' title='bbox 186 3788 217 3833; x_wconf 82' lang='lat'>40</span> <span class='ocrx_word' id='word_1_267' title='bbox 238 3794 312 3836; x_wconf 91' lang='lat' dir='ltr'>rum</span> <span class='ocrx_word' id='word_1_268' title='bbox 338 3774 454 3838; x_wconf 87' lang='lat' dir='ltr'>lumen</span> <span class='ocrx_word' id='word_1_269' title='bbox 485 3773 668 3838; x_wconf 86' lang='lat' dir='ltr'>accederet.</span> <span class='ocrx_word' id='word_1_270' title='bbox 716 3774 827 3853; x_wconf 82' lang='lat' dir='ltr'>Quam</span> <span class='ocrx_word' id='word_1_271' title='bbox 855 3775 978 3840; x_wconf 91' lang='lat' dir='ltr'>multas</span> <span class='ocrx_word' id='word_1_272' title='bbox 1002 3776 1097 3840; x_wconf 90' lang='lat' dir='ltr'>nobis</span> <span class='ocrx_word' id='word_1_273' title='bbox 1122 3776 1273 3862; x_wconf 85' lang='lat' dir='ltr'>imagines</span> 
     </span>
     <span class='ocr_line' id='line_1_34' title="bbox 239 3877 1274 3957; baseline -0.001 -12"><span class='ocrx_word' id='word_1_274' title='bbox 239 3898 306 3945; x_wconf 85' lang='lat' dir='ltr'>nou</span> <span class='ocrx_word' id='word_1_275' title='bbox 332 3878 441 3946; x_wconf 90' lang='lat' dir='ltr'>solum</span> <span class='ocrx_word' id='word_1_276' title='bbox 456 3877 499 3947; x_wconf 87' lang='lat' dir='ltr'>ad</span> <span class='ocrx_word' id='word_1_277' title='bbox 523 3877 735 3957; x_wconf 85' lang='lat' dir='ltr'>intuendum,</span> <span class='ocrx_word' id='word_1_278' title='bbox 752 3901 869 3947; x_wconf 86' lang='lat' dir='ltr'>verum</span> <span class='ocrx_word' id='word_1_279' title='bbox 896 3881 996 3949; x_wconf 87' lang='lat' dir='ltr'>etiam</span> <span class='ocrx_word' id='word_1_280' title='bbox 1020 3879 1064 3948; x_wconf 90' lang='lat' dir='ltr'>ad</span> <span class='ocrx_word' id='word_1_281' title='bbox 1085 3879 1274 3948; x_wconf 87' lang='lat' dir='ltr'>imitandum</span> 
     </span>
    </p>
   </div>
   <div class='ocr_carea' id='block_1_7' title="bbox 0 0 1404 4367">
    <p class='ocr_par' dir='ltr' id='par_1_7' title="bbox 0 0 1404 4367">
     <span class='ocr_line' id='line_1_35' title="bbox 0 0 1404 4367; baseline 0 10"><span class='ocrx_word' id='word_1_282' title='bbox 0 0 1404 4367; x_wconf 95' lang='lat' dir='ltr'> </span> 
     </span>
    </p>
   </div>
  </div>
 </body>
</html>
