2800 4367
476 331 555 380 cnr.
580 332 637 392 cs,
663 332 676 393 s
702 332 787 381 15-20.
1167 324 1208 387 79

99 500 239 581 Quodsi
270 498 419 565 Catilina
448 502 482 565 in
516 500 597 565 urbe
628 500 671 564 ad
701 501 787 567 bauo
811 500 899 565 diem
929 505 1154 582 remansisset,

98 626 322 689 quamquam,
339 603 452 689 quoad
479 603 556 680 fuit,
574 604 730 669 omnibus
752 606 825 670 eius
852 608 1001 682 consiliis
1025 611 1153 673 occurri

97 716 208 793 atque
237 708 361 785 obstiti,
385 717 508 785 tamen,
533 718 573 773 ut
596 710 765 774 levissime
792 709 910 786 dicam,
927 710 1155 777 dimicandum

97 813 201 877 nobis
225 835 302 877 cum
316 813 376 877 illo
392 812 524 889 fuisset,
542 835 652 898 neque
668 836 730 879 nos
752 836 922 899 umquam,
939 838 1015 879 cum
1038 818 1095 883 ille
1120 819 1154 881 in

97 917 188 982 urbe
215 918 320 983 hostis
344 920 563 995 assentantis
591 919 750 1003 periculis
773 918 1036 1004 rempublicam
1064 929 1158 986 tanta
1180 939 1209 984 aa

98 1044 197 1105 pace,
214 1031 309 1088 tanto
325 1024 404 1099 otio,
421 1030 517 1087 tanto
532 1023 668 1087 silentio
691 1023 936 1090 liberassemus.
1266 1020 1269 1025 ’

148 1138 229 1191 vm.
276 1128 490 1213 Quamquam
518 1127 599 1192 baec
627 1129 749 1204 omnia,
779 1128 939 1207 Quirites,
968 1131 1015 1193 ita
1041 1136 1208 1197 sunta18
1305 1187 1310 1194 .

98 1253 156 1295 me
181 1231 426 1309 administrata,
450 1238 490 1295 ut
512 1231 650 1297 deorum
674 1233 906 1296 inmortalium
941 1241 1026 1297 nutu
1051 1242 1153 1319 atque

98 1336 246 1399 oonsilio
272 1344 308 1401 ct
333 1344 430 1423 gesta
464 1344 500 1401 et
531 1337 664 1421 provisa
691 1357 762 1400 esse
796 1336 985 1403 rideantur.
1048 1338 1154 1423 quue

99 1461 183 1503 cum
211 1442 403 1507 coniectura
430 1442 592 1526 consequi
615 1461 805 1526 possumus,
823 1438 915 1526 quod
937 1444 996 1508 vix
1021 1442 1156 1508 videtur

99 1544 243 1608 humani
251 1546 382 1610 consilii
397 1553 567 1609 tantarum
578 1566 690 1610 rerum
700 1543 900 1631 gubernatio
911 1569 983 1612 esse
994 1549 1153 1631 potuisse,
1191 1566 1207 1610 s

99 1657 179 1713 tum
196 1671 274 1714 vero
290 1650 338 1715 ita
353 1658 545 1736 praesentes
561 1650 613 1715 his
637 1650 844 1736 temporibus
868 1672 965 1735 opem
988 1658 1023 1715 et
1046 1653 1152 1715 auxil·

98 1754 173 1817 ium
192 1754 287 1819 nobis
305 1754 467 1830 tulerunt,
481 1763 521 1819 ut
532 1777 589 1820 eos
602 1776 707 1840 paene
722 1755 828 1819 oculis
843 1755 956 1820 videre
969 1778 1152 1841 possemus.

98 1858 190 1921 Nam
207 1866 247 1923 ut
268 1859 327 1923 illa
349 1860 511 1935 omittam,
530 1861 617 1926 visas
641 1868 808 1924 nocturno
832 1866 981 1944 tempore
1006 1860 1049 1924 ab
1072 1863 1154 1926 occi-

99 1962 204 2028 dente
232 1962 322 2029 faces
348 1963 568 2049 ardoremque
593 1963 686 2040 caeli,
705 1972 752 2036 ut,
770 1962 954 2027 fulminum
977 1966 1095 2040 iactus,
1114 1973 1154 2029 ut

99 2075 212 2132 terrae
228 2075 340 2133 motus
362 2069 563 2152 relinquam,
589 2076 629 2131 ut
652 2068 804 2133 omittam
830 2075 950 2146 cetera,
976 2091 1061 2154 quae
1086 2077 1153 2134 tarn
1178 2086 1207 2131 10

100 2170 211 2235 multa
227 2172 321 2236 nobis
338 2172 531 2235 consulibus
556 2171 646 2237 iacta
669 2180 760 2248 sunt,
778 2178 818 2236 ut
841 2171 933 2249 haec,
959 2195 1045 2258 quac
1062 2196 1150 2237 nunc

100 2277 200 2351 fiunt,
218 2297 335 2340 canere
352 2275 387 2339 di
415 2277 608 2341 inmortales
632 2275 838 2352 viderentur,
857 2275 919 2341 hoc
944 2285 1044 2354 certe,
1061 2278 1152 2362 quod

99 2401 178 2443 sum
207 2378 370 2457 dicturus,
399 2402 509 2465 neque
542 2379 877 2465 praetermittendum
914 2403 1024 2466 nequo
1055 2383 1150 2447 relin-

100 2484 275 2569 quendum
292 2493 352 2550 est.
399 2484 484 2547 Nam
502 2484 653 2570 profecto
677 2487 836 2550 memoria
859 2488 983 2552 tenetis
1000 2487 1102 2551 Cotta
1118 2495 1153 2551 et
1166 2490 1203 2552 19

101 2589 276 2673 Torquato
292 2588 485 2653 consulibus
502 2590 690 2673 complures
708 2591 742 2652 in
761 2590 928 2674 Capitolio
941 2613 993 2655 res
1006 2591 1047 2655 de
1061 2592 1151 2656 caelo
1175 2607 1203 2650 15

99 2715 172 2757 esse
195 2694 378 2776 percussas,
396 2713 473 2755 cum
489 2699 524 2756 at
539 2693 717 2757 simulacra
743 2693 880 2758 deorum
905 2693 1046 2779 depulsa
1069 2705 1150 2759 sunt

100 2806 136 2861 et
161 2805 291 2861 statuae
319 2803 472 2861 veterum
501 2795 674 2861 hominum
703 2797 851 2862 deiectae
875 2806 911 2862 et
936 2799 1048 2884 legum
1073 2821 1150 2863 aera

99 2900 286 2985 liquefacta
301 2908 337 2965 et
352 2908 465 2965 tactus
482 2901 582 2965 etiam
596 2902 664 2977 ille,
678 2884 738 2986 qui
755 2902 840 2966 hano
858 2902 970 2966 urbem
988 2903 1148 2979 condidit,

101 3005 277 3080 Romulus,
295 3025 394 3089 quem
411 3004 604 3069 inauratum
630 3006 664 3069 in
690 3005 857 3091 Capitolio
882 3029 1022 3089 parvum
1047 3017 1148 3091 atquc

100 3110 281 3172 lactantem
298 3106 456 3171 uberibus
473 3108 600 3193 lupinis
617 3108 803 3173 inhiantem
820 3108 924 3173 fuisse
942 3112 1149 3175 meministis.
1174 3127 1202 3170 ao

101 3212 178 3291 Quo
206 3211 342 3296 quidem
371 3219 518 3297 tempore
547 3235 625 3278 cum
649 3212 842 3298 haruspices
867 3236 911 3277 ex-
926 3221 997 3277 tota
1013 3215 1149 3279 Etruria

101 3317 346 3393 convenissent,
364 3316 481 3382 caedes
497 3325 599 3403 atque
616 3317 772 3382 incendia
788 3327 823 3381 et
837 3318 951 3404 legum
972 3319 1147 3383 interitum

100 3428 134 3485 et
161 3420 288 3485 bellum
313 3422 412 3486 civile
440 3442 478 3486 ac
506 3422 728 3486 domesticum
752 3429 787 3486 et
810 3424 914 3486 totius
938 3423 1029 3488 urbis
1045 3433 1147 3508 atque

100 3525 230 3610 imperii
246 3548 400 3591 occasum
418 3526 687 3612 adpropinquare
706 3525 877 3601 dixerunt,
894 3528 957 3591 nisi
977 3527 1011 3590 di
1028 3529 1147 3592 inmor-

101 3629 182 3694 tales
211 3631 302 3694 omni
330 3632 459 3695 ratione
487 3631 610 3715 placati
633 3652 696 3695 suo
720 3632 858 3695 numine
874 3653 976 3716 prope
993 3630 1063 3696 iata
1078 3634 1149 3716 ipsa
1172 3649 1200 3694 25

41 3760 44 3765 ·
102 3732 284 3799 flexissent.
333 3735 452 3819 Itaque
481 3736 614 3798 illorum
645 3736 813 3818 responsis
842 3743 913 3799 tum
943 3744 977 3800 et
1000 3735 1073 3799 ludi
1090 3741 1200 3821 per20

103 3837 214 3905 decern
231 3838 303 3907 dies
320 3837 402 3907 faeti
420 3846 509 3916 sunt,
527 3861 636 3925 neque
653 3860 705 3903 res
723 3840 898 3924 ulla,quae
911 3839 954 3903 ad
967 3840 1148 3925 placandos
