2800 4367
424 315 428 323 ’
505 365 808 432 011110001-05.
1160 351 1223 420 107

107 543 205 621 seni,
222 564 299 607 cum
319 543 481 627 plurimos
507 543 645 608 haberet
669 543 833 618 inimicos
850 564 948 606 nemo
975 542 1027 605 Ti.
1045 540 1172 605 Corun-

109 647 229 723 canio,
246 668 343 711 nemo
360 646 418 710 Μ’.
436 646 548 723 Curio,
566 669 665 712 nemo
680 647 760 711 huic
776 647 841 732 ipsi
857 654 971 710 nostro
996 645 1033 709 O.
1051 645 1169 722 Mari0,

112 753 253 816 cumei
278 753 377 815 multi
404 751 606 829 inviderent,
633 751 757 817 obiecit
783 772 954 836 uniquam.
1002 749 1170 834 Equidem

113 856 340 920 vehementer
368 857 477 920 laetor
506 878 584 921 eum
614 878 687 921 esse
718 878 781 932 me,
814 857 849 918 in
882 877 982 940 quern
1013 862 1062 930 tu,
1094 876 1170 919 curn

115 982 272 1044 cuperes
291 961 419 1024 nullam
436 961 674 1024 contumeliam
691 961 798 1024 iacere
814 960 976 1045 potueris,
994 980 1080 1043 quae
1104 980 1172 1022 non
1195 976 1225 1018 ιο

116 1065 165 1128 ad
198 1066 378 1128 maximam
409 1072 538 1148 partem
565 1065 690 1129 civium
722 1065 928 1128 conveniret.
978 1081 1068 1153 10111.
1103 1061 1169 1127 Sed

118 1179 236 1232 tamen
268 1177 301 1232 te
332 1191 352 1232 a
377 1191 429 1233 me
457 1191 517 1253 pro
549 1169 677 1254 magnis
709 1169 817 1232 causis
858 1175 989 1232 nostrae
1028 1167 1168 1231 necessi-

119 1272 253 1337 tudinis
272 1273 475 1337 monendum
492 1295 563 1338 esse
581 1274 681 1337 etiam
698 1281 801 1358 atque
828 1273 928 1335 etiam
953 1280 1047 1356 puto.
1094 1269 1169 1334 Non

119 1386 269 1461 possunt
299 1398 413 1440 omnes
444 1398 517 1442 esse
551 1377 702 1462 patricii3
744 1377 772 1440 si
804 1398 921 1440 verurn
954 1376 1095 1460 quaeris,
1128 1397 1169 1439 ne

120 1489 246 1545 curant
286 1480 442 1565 quidem;
475 1503 537 1546 nec
571 1503 607 1545 se
635 1480 793 1566 aequales
823 1480 873 1543 tui
909 1487 1046 1563 propter
1074 1479 1170 1541 istam
1209 1495 1224 1538 5

120 1607 258 1648 causam
275 1584 333 1649 abs
349 1592 382 1649 00
398 1586 517 1649 anteiri
535 1592 667 1669 putant.
717 1585 767 1648 Ao
784 1585 812 1648 si
829 1583 889 1647 tibi
917 1604 977 1647 1103
1005 1583 1172 1668 peregrini
1185 1586 1224 1646 24

105 1675 290 1765 ridemur,
309 1711 452 1773 quorum
475 1671 541 1752 iarn
569 1710 689 1752 nomen
717 1696 752 1752 et
778 1686 883 1750 honos
911 1687 1114 1750 inveteravit
1138 1693 1173 1748 et

121 1793 199 1856 urbi
216 1793 294 1856 huic
311 1801 345 1857 et
363 1793 538 1856 hominum
555 1792 663 1855 famae
691 1813 729 1855 ac
757 1790 975 1865 sermonibus,
994 1810 1094 1874 quarn
1112 1788 1172 1852 tibi

121 1897 201 1961 illos
227 1897 461 1981 competitores
486 1904 563 1960 tuos
589 1896 784 1981 peregrinos
801 1894 908 1960 videri
935 1915 1069 1958 necesse
1098 1894 1171 1970 erit,

123 2002 185 2086 qui
202 2003 268 2064 iam
285 2023 327 2064 ex
343 2008 415 2064 tota
440 2001 540 2064 ltalia
564 2000 686 2064 delecti
714 2008 825 2064 tecum
851 1998 892 2063 de
919 1999 1042 2062 honore
1069 2019 1106 2061 ac
1132 1996 1172 2061 de
1197 2015 1225 2058 10

123 2106 217 2169 omni
233 2105 398 2191 dignitate
416 2103 636 2198 contendent!
670 2103 871 2183 Quorumtu
879 2125 959 2168 cave
968 2123 1171 2187 quemquam

123 2210 340 2295 peregrinum
351 2209 509 2293 appelles,
520 2231 561 2272 ne
571 2209 822 2293 peregrinorum
836 2206 1006 2293 suffragiis
1020 2206 1170 2270 obruare.

125 2314 196 2392 Qui
228 2314 256 2379 si
287 2313 466 2376 attulerint
496 2334 616 2377 nervos
648 2321 683 2376 et
714 2311 923 2388 industriam,
951 2312 1032 2373 mihi
1064 2311 1170 2382 crede,

124 2419 303 2482 excutient
328 2417 390 2481 tibi
420 2418 518 2481 istam
547 2416 724 2482 verborum
757 2418 969 2481 iactationem
1001 2425 1036 2480 et
1065 2423 1098 2481 te
1130 2439 1172 2480 ex

124 2543 254 2606 somno·
271 2543 369 2605 saepe
397 2521 596 2584 excitabunt
623 2543 684 2585 nec
713 2521 885 2605 patientur
900 2543 934 2584 30
962 2519 1019 2584 ahs
1047 2527 1091 2596 te,
1110 2521 1174 2584 nisi
1198 2541 1225 2584 15

127 2628 255 2690 virtute
288 2626 474 2701 vincentur,
507 2625 631 2689 honore
662 2627 821 2710 superari.
882 2625 934 2688 Ao
965 2626 1003 2701 si,
1035 2625 1172 2698 iudices
1186 2629 1225 2688 25

126 2732 247 2795 ceteris
263 2730 411 2814 patriciis
428 2751 479 2794 me
509 2740 544 2793 et
559 2752 618 2794 vos
644 2731 836 2815 peregrinos
854 2729 961 2794 videri
990 2737 1169 2813 oporteret,

126 2858 146 2898 a
162 2836 336 2919 Torquato
351 2842 462 2898 tamen
487 2834 548 2898 hoc
565 2835 687 2898 vitium
710 2835 886 2907 sileretur3
912 2841 964 2897 est
987 2835 1075 2897 enim
1100 2835 1170 2916 ipse

128 2946 327 3011 amatorno
357 2960 478 3025 genere
510 2939 730 3023 municipalis
758 2938 983 3002 honestissimi
1016 2960 1052 3001 ac
1083 2937 1173 3000 nobi-

128 3045 247 3108 lissimi
263 3045 405 3129 generiS,
418 3043 478 3108 sed
495 3050 606 3107 tamen
624 3043 799 3108 Asculani.
847 3043 922 3106 Aut
938 3044 1043 3128 igitur
1056 3042 1174 3105 doceat
1197 3056 1226 3100 20

129 3148 278 3213 Picentis
309 3148 397 3211 solos
428 3169 494 3210 non
526 3169 597 3212 esse
628 3149 820 3234 peregrinos
852 3154 913 3210 aut
943 3147 1089 3232 gaudeat
1111 3167 1172 3209 suo

130 3253 243 3338 generi
274 3273 326 3316 me
358 3272 468 3314 meum
500 3273 567 3314 non
599 3260 811 3336 anteponere.
860 3250 971 3330 Quare
1001 3272 1109 3335 neque
1133 3257 1171 3313 00

130 3378 180 3420 me
208 3355 422 3441 peregrinum
448 3355 586 3439 posthac
619 3356 753 3431 dixeris,
780 3377 821 3418 ne
849 3356 986 3440 gravius
1016 3353 1172 3427 refutere,

131 3482 239 3544 neque
271 3482 393 3546 regem,
424 3481 465 3523 ne
497 3459 677 3523 derideare.
723 3459 797 3522 Nisi
830 3458 916 3522 forte
949 3459 1078 3544 regium
1115 3458 1175 3521 tibi

132 3564 266 3629 videtur
293 3565 341 3627 ita
368 3565 491 3639 vivere,
520 3570 560 3627 ut
585 3586 652 3627 non
681 3562 780 3627 modo
808 3563 934 3626 homini
965 3562 1101 3638 nemini,
1118 3560 1176 3624 sed
1200 3577 1228 3619 25

133 3691 171 3734 ne
194 3667 373 3753 cupiditati
401 3668 537 3752 quidem
566 3669 626 3729 ulli
655 3669 790 3742 servias,
820 3674 1032 3731 contemnere
1061 3688 1174 3730 omnes

132 3765 296 3847 libidineS,
314 3794 381 3835 non
405 3773 488 3847 auri,
506 3793 572 3833 non
597 3773 739 3856 argenti,
760 3793 826 3833 non
853 3780 1040 3836 ceterarum
1065 3793 1174 3834 rerum

134 3877 292 3962 indigere,
320 3877 355 3938 in
383 3883 501 3939 senatu
530 3876 653 3938 sentire
681 3875 794 3951 libere,
823 3876 939 3961 populi
973 3875 1078 3959 magis
1115 3875 1176 3937 uti-
