2800 4367
480 362 562 417 cnr.
586 362 676 427 arsa,
699 367 715 429 t
736 363 825 419 ass.
1156 349 1220 420 213

108 533 191 601 adeo
223 538 302 603 vim
329 536 490 602 facinoris
519 537 574 602 sui
604 535 878 622 perhorrueruut,
911 543 961 614 ut,
999 537 1028 602 si
1066 538 1168 622 paulo

108 641 247 727 longior
277 642 392 726 opinio
422 641 541 706 mortis
572 639 660 705 Sesti
691 639 823 717 fuisset,
851 639 1041 706 Gracchum
1070 641 1169 706 illum
1191 657 1220 703 ao

108 766 211 808 suum
253 743 482 810 transferendi
517 744 555 808 in
591 765 653 810 nos
690 745 840 810 criminis
878 765 979 810 causa
1016 744 1167 812 occidere

108 851 308 934 cogitarim.
366 847 484 915 Sensit
513 849 699 914 misticulus
731 871 800 914 non
837 849 996 914 incautus
1038 851 1167 935 (neque

32 996 33 1027 2
108 954 198 1016 enim
222 953 383 1018 homines
414 973 560 1037 nequam
589 960 700 1018 tacere
731 955 936 1038 potueruut)
965 975 1065 1018 suum
1095 975 1168 1020 sau-

108 1058 251 1141 guinem
287 1059 405 1142 quaeri
435 1056 479 1122 ad
507 1056 783 1143 restinguendam
816 1056 980 1122 invidiam
1010 1056 1167 1124 facinoris

110 1161 296 1237 Clodiani3
319 1161 516 1225 mulioniam
538 1161 718 1246 paenulam
739 1161 892 1246 arripuit,
917 1183 994 1230 cum
1017 1183 1084 1246 qua
1106 1163 1170 1250 pri·
1191 1177 1221 1223 aa

92 1284 204 1328 mum
237 1266 384 1330 Romam
402 1264 448 1328 ad
478 1266 613 1330 comitia
642 1273 799 1340 venerat;
824 1267 981 1330 messoria
1011 1289 1046 1331 se
1069 1267 1166 1332 corbe

109 1371 282 1434 contexit
327 1369 417 1434 Cum
439 1376 641 1454 quaererent
663 1370 721 1434 alii
745 1369 957 1447 Numerium,
981 1370 1038 1434 alii
1063 1370 1168 1450 Quin-

109 1475 209 1551 tium,
226 1476 360 1560 gemini
375 1474 521 1538 nominis
544 1496 654 1539 errore
675 1481 831 1540 seruatus
854 1481 917 1539 est.
964 1474 1080 1560 Atque
1104 1475 1166 1539 hoc

109 1578 206 1642 scitis
232 1599 362 1653 omnes,
379 1599 487 1662 usque
511 1577 595 1642 adeo
622 1577 791 1642 hominem
817 1579 852 1642 in
874 1578 1026 1662 periculo
1051 1577 1166 1655 fuisse,

109 1682 227 1765 quoad
243 1683 372 1746 scitum
387 1689 441 1746 est
454 1680 602 1746 Sestium
620 1682 743 1747 vivere.
790 1681 893 1762 Quod
917 1683 952 1745 ni
977 1690 1066 1746 esset
1081 1691 1170 1767 pate·
1191 1697 1221 1743 ao

108 1785 246 1851 factum
278 1787 379 1870 paulo
410 1786 520 1861 citius,
552 1807 654 1870 quam
685 1787 818 1863 vellem,
850 1808 917 1850 non
947 1787 998 1850 illi
1030 1786 1167 1871 quidem

109 1899 223 1955 morte
247 1891 471 1956 mercennarii
495 1891 548 1954 sui
573 1889 754 1956 transferre
778 1891 969 1975 potuissent
993 1890 1165 1969 invidiam,

108 1996 144 2057 in
168 2016 262 2080 quos
292 1993 468 2080 putabant,
498 1993 559 2060 sed
588 1994 795 2060 acerbissimi
826 1995 961 2060 sceleris
992 1994 1166 2060 infamiam

109 2108 212 2184 grato
235 2098 385 2183 quodam
406 2098 530 2163 scelere
553 2099 765 2164 minuissent.
812 2098 864 2163 Ao
888 2099 917 2163 si
939 2105 1013 2164 tum
1037 2097 1075 2161 Ρ.
1093 2098 1165 2164 Ses-
1180 2105 1220 2166 83

109 2204 194 2279 tius,
225 2202 366 2278 iudices,
394 2203 431 2265 in
461 2203 587 2286 templo
616 2202 766 2268 Castoris
797 2204 953 2279 animam,
979 2223 1082 2288 quam
1110 2205 1168 2268 vir
1191 2219 1220 2264 aa

108 2308 269 2383 retinuit,
285 2306 456 2383 edidisset,
480 2328 549 2370 non
570 2306 700 2383 dubito,
726 2308 820 2392 quin,
837 2309 865 2370 si
893 2307 993 2370 modo
1019 2313 1108 2371 esset
1130 2308 1166 2370 in

108 2433 145 2476 re
186 2411 326 2496 publica
362 2417 513 2487 senatus,
544 2413 573 2476 si
605 2411 760 2475 maiestas
793 2412 910 2496 populi
942 2409 1084 2475 Romani
1117 2432 1165 2475 re-

109 2516 270 2590 vixisset,
286 2514 469 2599 aliquando
484 2521 598 2580 statua
613 2515 692 2579 huic
715 2513 757 2578 ob
782 2535 851 2579 rem
876 2514 1042 2599 publicam
1066 2516 1167 2580 inter-

109 2619 207 2685 fecto
222 2621 259 2684 in
277 2617 351 2682 foro
366 2626 584 2683 statueretur.
631 2619 703 2683 Nec
717 2640 797 2683 vero
813 2619 948 2682 illorum
975 2619 1165 2703 quisquam,

111 2746 203 2809 qnos
233 2745 254 2786 a
283 2721 465 2786 maioribus
497 2723 621 2787 nostris
645 2730 752 2788 morte
781 2723 872 2788 obita
896 2723 1021 2807 positos
1049 2724 1084 2787 iu
1108 2724 1168 2787 illo
1189 2737 1220 2784 40

111 2828 190 2892 loco
206 2834 310 2910 atque
327 2827 363 2888 in
379 2827 496 2891 rostris
511 2826 703 2892 conlocatos
720 2826 852 2904 videtis
879 2834 968 2892 esset
992 2826 1030 2890 P.
1057 2826 1166 2892 Sestio

112 2938 175 2994 aut
191 2928 373 2994 acerbitate
395 2931 512 2994 mortis
538 2937 598 2994 aut
613 2930 725 2994 animo
750 2931 785 2993 in
802 2952 871 2995 rem
892 2930 1060 3014 publicam
1078 2953 1167 3015 prae-

113 3033 312 3118 ponendus;
346 3035 406 3118 qui
433 3055 510 3099 cum
534 3055 668 3099 causam
695 3035 779 3099 civis
805 3035 1000 3111 calamitosi,
1031 3055 1163 3100 causam

32 3140 33 3183 ἒ
113 3139 227 3214 amici,
243 3159 377 3203 causam
392 3137 477 3202 bene
493 3137 534 3202 de
558 3160 594 3202 re
619 3138 755 3222 publica
776 3141 896 3215 meriti,
919 3161 1053 3204 causam
1075 3161 1167 3204 sena-

113 3251 185 3317 tus,
215 3263 351 3306 causam
378 3241 507 3319 Italiae,
536 3263 671 3308 causam
697 3243 745 3308 rei
772 3244 926 3327 publicae
954 3246 1219 3328 suscepissetis

32 3376 33 3379 ¹
114 3367 267 3430 cumque
281 3347 441 3431 auspiciis
457 3346 682 3433 religionique
698 3369 818 3432 parens
835 3347 1061 3425 obnuntiaret,
1074 3349 1166 3433 quod

114 3461 278 3527 senserat,
308 3452 385 3516 luce
416 3451 526 3536 palam
558 3473 578 3514 a
609 3449 746 3515 nefariis
777 3452 931 3537 pestibus
962 3454 997 3516 in
1028 3452 1166 3517 deorum

116 3555 360 3639 hominumque
391 3561 574 3640 conspectu
605 3562 695 3620 esset
726 3557 855 3623 occisus
887 3557 1099 3623 sanctissimo
1130 3558 1165 3620 in

117 3659 255 3743 templo,
294 3659 504 3723 sanctissima
541 3659 575 3722 in
611 3680 722 3734 causa,
762 3661 971 3746 sanctissimo
1000 3663 1036 3726 in
1066 3661 1167 3747 magi-

119 3770 240 3827 stratu.
286 3762 369 3827 Eius
385 3763 491 3848 igitur
508 3763 610 3827 vitam
637 3764 814 3848 quisquam
843 3765 1050 3850 spoliandam
1075 3786 1168 3828 orna·
1188 3779 1219 3824 50

121 3867 242 3931 mentis
257 3888 329 3931 esse
345 3866 445 3942 dicet,
462 3867 558 3930 ouius
574 3873 716 3930 mortem
739 3867 921 3938 ornandam
946 3876 1166 3934 monumento

121 3963 321 4056 sempiterno
336 3971 526 4056 putaretis?
