2800 4367
171 333 235 397 826
465 346 538 395 ruo
560 343 708 395 ancum
730 343 853 394 roura
876 342 1032 396 namra,

223 539 291 582 non
329 517 502 582 dubitavit
542 515 661 580 Martis
701 515 874 580 manubias
915 515 1023 580 Musis
1062 537 1284 583 consecrare.

224 621 348 701 Quare,
365 622 399 683 in
417 641 485 705 qua
500 620 581 684 urbe
598 621 814 704 imperatores
830 641 932 704 prope
949 620 1068 684 armati
1094 625 1284 704 poetarum

224 747 344 789 nomen
360 732 396 789 et
411 723 588 787 Musarum
603 723 744 788 delubra
760 724 945 800 coluerunt,
956 725 992 786 in
1008 746 1047 788 ea
1062 745 1130 788 uon
1146 724 1284 790 debent

171 846 200 889 15
222 830 328 914 togati
345 827 473 892 iudices
489 849 509 890 a
533 827 711 891 Musarum
737 827 860 892 honore
877 835 911 892 et
927 849 945 891 a
960 832 1136 912 poetarum
1159 829 1280 894 salute

225 931 408 996 abhorrere.

171 1041 209 1102 28
265 1035 381 1119 Atque
398 1042 439 1098 ut
454 1035 488 1098 id
510 1032 671 1099 libentius
698 1035 841 1111 faciatis,
858 1036 923 1098 iam
939 1027 991 1120 me
1008 1036 1113 1112 vobis,
1130 1035 1277 1113 iudiceS,

224 1138 379 1203 indicabo
402 1148 438 1203 et
461 1139 501 1203 de
525 1160 598 1202 meo
624 1138 770 1223 quodam
793 1161 902 1203 amore
926 1140 1051 1225 gloriae
1076 1141 1176 1204 nimis
1201 1141 1276 1204 acri

223 1243 374 1319 fortasse,
391 1265 508 1308 verum
526 1252 639 1308 tamen
655 1243 796 1308 honesto
813 1243 907 1308 vobis
935 1243 1124 1308 confitebor.
1171 1244 1203 1306 N
1204 1265 1274 1321 am,

170 1364 200 1409 20
222 1368 305 1432 quas
330 1369 381 1412 res
405 1369 464 1411 nos
489 1350 524 1410 in
549 1348 729 1411 consulatu
756 1356 871 1411 nostro
890 1347 1062 1412 vobiscum
1081 1349 1183 1412 simul
1208 1370 1273 1432 pro

223 1451 332 1515 salute
360 1451 460 1515 huius
486 1450 577 1515 urbis
608 1459 710 1535 atque
741 1452 872 1540 imperii
897 1459 932 1516 et
958 1473 1018 1535 pro
1046 1453 1116 1516 vita
1143 1453 1274 1517 civium

213 1577 349 1640 *proque
367 1556 524 1619 universa
540 1577 575 1618 re
603 1555 738 1639 publica
765 1549 941 1641 gessimus,
959 1556 1074 1641 attigit
1098 1555 1151 1620 hic
1169 1557 1274 1621 versi-

223 1659 284 1722 bus
300 1667 402 1742 atque
419 1659 599 1722 inchoavit.
646 1658 779 1737 Quibus
796 1659 929 1735 auditis,
944 1658 1035 1744 quod
1050 1660 1132 1722 mibi
1148 1681 1273 1746 magua

223 1785 275 1827 res
292 1771 327 1827 et
342 1762 489 1826 iucunda
505 1765 577 1827 visa
601 1770 661 1839 est,
678 1763 768 1827 hunc
785 1763 828 1826 ad
851 1763 1090 1848 perficiendum
1117 1763 1272 1829 adhorta·

169 1880 198 1926 25
222 1875 276 1930 tus
292 1889 376 1930 sum.
423 1866 561 1930 Nullam
577 1867 667 1931 euim
679 1868 786 1931 virtus
801 1868 900 1930 aliam
916 1867 1103 1932 mercedem
1115 1868 1268 1932 laborum

222 1972 513 2056 periculorumque
526 1970 693 2035 desiderat
702 1979 833 2056 praeter
848 1971 933 2035 hanc
950 1971 1059 2035 laudis
1072 1978 1107 2036 et
1122 1973 1266 2058 gl01·iae;

222 2097 289 2159 qua
305 2075 441 2159 quidem
457 2075 615 2151 detracta,
633 2075 770 2152 iudices,
788 2074 872 2159 quid
887 2083 947 2152 est,
962 2075 1053 2159 quod
1068 2077 1104 2138 iu
1120 2074 1182 2138 hcc
1199 2083 1265 2138 tam

223 2180 346 2264 exiguo
362 2180 452 2244 vitae
469 2179 636 2243 curriculo
652 2187 688 2244 et
704 2187 773 2243 tam
797 2179 888 2244 brevi
906 2181 1008 2243 tantis
1026 2201 1085 2243 nos
1102 2179 1137 2242 iu
1153 2179 1265 2244 labori-

170 2280 209 2343 29
225 2283 287 2347 bus
314 2283 555 2347 exerceamus?
600 2282 710 2359 Certe,
734 2284 762 2347 si
787 2283 870 2345 nihil
893 2283 1023 2346 animus
1048 2284 1266 2366 praesentiret

108 2398 110 2401 ’
170 2403 199 2449 3ο
222 2387 256 2448 in
272 2394 453 2470 posterum,
471 2386 559 2461 etsi,
577 2385 699 2470 quibus
717 2386 908 2472 regionibus
926 2388 1015 2451 vitae
1045 2387 1191 2471 spatium
1208 2388 1263 2450 cir-

222 2491 461 2575 cumscriptum
477 2498 539 2566 est,
557 2490 682 2554 eisdem
699 2511 811 2554 omnes
830 2491 1049 2576 cogitationes
1073 2492 1269 2556 terminaret

222 2617 310 2670 suas,
327 2617 388 2659 nec
414 2596 517 2660 tantis
533 2616 569 2658 se
585 2594 752 2658 laboribus
779 2594 950 2682 frangeret
974 2617 1083 2680 neque
1101 2603 1154 2659 tot
1179 2597 1261 2660 euris

222 2700 415 2784 vigiliisque
432 2706 612 2785 angeretur
628 2721 689 2763 nec
707 2700 829 2763 totiens
847 2699 887 2764 de
905 2701 976 2784 ipsa
993 2701 1064 2765 vita
1081 2699 1259 2764 dimicaret.

222 2803 322 2866 Nunc
346 2802 470 2867 insidet
496 2803 660 2888 quaedam
675 2804 710 2866 in
737 2804 863 2888 optimc
892 2811 1027 2888 quoque
1044 2805 1163 2880 virtus,
1182 2826 1259 2888 quae

169 2923 199 2967 as
221 2915 336 2971 noctes
353 2929 390 2971 ac
407 2907 477 2971 dies
494 2909 642 2970 animum
671 2907 796 2993 gloriae
825 2909 971 2972 stimulis
1001 2909 1149 2973 concitat
1165 2916 1258 2991 atque

223 3011 381 3076 admonet
396 3033 463 3075 non
480 3033 557 3074 cum
574 3013 661 3076 vitae
678 3020 827 3095 tempore
844 3033 914 3076 esse
929 3012 1166 3076 dimittendam
1183 3033 1259 3076 com·

223 3116 493 3180 memorationem
510 3116 653 3179 nominis
670 3117 785 3192 nostri,
797 3115 857 3179 sed
873 3136 949 3178 cum
965 3117 1055 3179 omni
1071 3117 1256 3200 posteritate

171 3218 486 3303 {iliadaequaudam
532 3237 597 3282 ΧΗ.
630 3219 686 3283 An
697 3241 777 3284 vero
788 3227 854 3284 tam
869 3220 964 3304 parvi
980 3221 1082 3283 animi
1093 3220 1257 3284 videamur

223 3345 293 3387 esse
310 3325 507 3407 omnesqui
523 3325 558 3386 in
573 3345 608 3388 re
625 3322 757 3407 publica
773 3331 874 3407 atque
890 3325 925 3387 iu
941 3324 993 3388 his
1006 3325 1094 3388 vitae
1111 3323 1255 3408 periculis

225 3427 461 3512 laboribusque
473 3449 653 3503 versamur,
668 3434 716 3504 ut,
728 3449 803 3491 cum
816 3449 923 3511 usque
940 3428 982 3492 ad
992 3436 1180 3493 extremum
1197 3449 1256 3511 spa-

226 3532 309 3593 tium
327 3531 460 3593 nullum
476 3531 699 3615 tranquillum
715 3538 815 3615 atque
833 3532 979 3594 otiosum
994 3533 1149 3616 spiritum
1165 3530 1255 3594 duxe-

185 3635 336 3711 5rimus,
367 3635 542 3700 nobiscum
572 3635 674 3699 simul
706 3636 868 3698 moritura
900 3636 1011 3698 omnia
1042 3635 1254 3699 arbitremur?

199 3723 202 3727 ²
221 3737 280 3800 An
303 3746 431 3803 statuas
448 3746 484 3803 et
507 3740 678 3825 imagines,
695 3760 763 3802 non
790 3739 986 3801 animorum
1003 3739 1189 3815 simulacra,
1206 3737 1253 3802 sed

224 3862 408 3926 corporum,
425 3841 573 3906 studiose
589 3842 689 3907 multi
711 3841 833 3906 summi
860 3841 1011 3906 homines
1036 3842 1237 3927 reliquerunt
1244 3865 1251 3918 3
