2800 4367
483 355 563 406 oAP.
589 355 675 417 u-m,
700 358 715 417 s
737 355 827 406 36-40.
1190 347 1233 412 47

129 528 243 613 gravis
281 534 333 591 est
369 528 428 591 illa
467 526 589 590 oratio:
616 526 690 589 ‘Me
732 527 883 589 saucium
922 528 1096 605 recreavit,
1129 552 1181 595 me
1203 547 1234 593 ao

129 631 253 717 praeda
283 630 440 706 donavit3
465 631 527 695 hoe
551 630 635 695 duce
660 638 767 694 castra
792 632 952 715 cepimus,
983 632 1080 717 sigua
1106 655 1181 697 eon-

130 736 290 811 tulimus3
322 757 507 821 numquam
539 737 601 799 iste
633 735 710 819 plus
741 735 841 799 militi
864 734 986 799 laboris
1009 736 1179 821 imposuit,

131 862 232 924 quam
256 839 319 904 sibi
344 841 488 925 sumpsit
512 841 592 922 ipse,
609 862 686 903 cum
708 838 816 916 fortis,
849 846 921 903 tum
947 841 1048 904 etiam
1073 840 1178 906 felix?

130 944 207 1008 Hoc
229 946 348 1029 quanti
368 952 466 1029 putas
491 965 562 1008 esse
585 943 627 1007 ad
656 943 778 1007 famam
803 944 976 1007 homiuum
1001 966 1039 1009 ac
1063 947 1179 1011 voluu-

131 1049 260 1114 tatem?
307 1049 452 1125 Etenim,
487 1049 515 1112 si
550 1056 644 1112 tanta
677 1048 744 1111 illis
784 1049 937 1114 comitiis,
960 1049 1077 1134 religio
1115 1058 1177 1127 est,
1201 1068 1231 1113 25

129 1161 170 1216 ut
192 1154 302 1218 adhuc
332 1176 462 1238 semper
489 1175 585 1217 omen
610 1151 757 1217 valuerit
782 1153 1064 1239 praerogativum,
1095 1155 1179 1238 quid

130 1259 251 1320 mirum
291 1266 344 1322 est
381 1259 416 1321 iu
454 1257 516 1321 hoc
551 1256 724 1321 felicitatis
763 1256 887 1320 famam
925 1278 1177 1343 sermonemque

129 1362 301 1427 valuisse?
612 1426 616 1431 .

173 1484 251 1529 xix.
284 1466 350 1531 Sed
372 1468 399 1531 si
422 1466 503 1531 haec
525 1466 651 1530 leviora
672 1466 778 1541 dueiS,
805 1487 890 1551 quae
918 1474 1000 1530 sunt
1025 1468 1179 1553 gravissi-

129 1592 193 1646 ma,
210 1571 344 1635 ethane
360 1570 519 1634 urbanam
537 1568 813 1656 suffragationem
836 1569 971 1633 militari
990 1571 1176 1653 anteponis
1243 1617 1245 1622 -
1284 1561 1290 1571 ’

128 1676 199 1739 noli
212 1674 367 1738 ludorum
378 1675 478 1739 liuius
489 1675 689 1761 elegantiam
700 1683 735 1738 et
744 1695 881 1737 scaenae
895 1674 1177 1760 magnificentiam
1190 1752 1194 1757 ι

129 1779 227 1843 valde
259 1786 489 1853 contemnere3
529 1800 614 1864 quae
646 1778 725 1842 huie
756 1777 935 1842 admodum
966 1777 1176 1862 profuerunt.

128 1882 216 1946 Nam
241 1883 324 1967 quid
349 1877 411 1969 ego
427 1882 535 1947 dicam
560 1883 723 1968 populum
744 1904 782 1946 ac
799 1883 922 1968 vulgus
948 1884 1176 1966 imperitorum
1212 1899 1229 1945 5

127 1987 218 2051 ludis
243 2010 364 2075 magno
392 2009 490 2072 opere
520 1986 714 2051 delectari?
750 1986 865 2050 Minus
897 1995 950 2051 est
976 1987 1174 2051 mirandum.

129 2091 344 2177 Quamquam
369 2093 447 2156 huie
473 2113 591 2156 causae
614 2090 648 2154 id
664 2092 745 2155 satis
761 2098 833 2165 est3
859 2099 941 2155 sunt
956 2093 1044 2155 euim
1060 2094 1177 2176 populi

128 2218 166 2261 ac
197 2195 426 2261 multitudinis
457 2197 600 2261 comitia.
657 2196 778 2275 Quare,
804 2197 831 2259 si
863 2196 988 2280 populo
1019 2196 1176 2259 ludorum

128 2301 377 2388 magnificentia
392 2300 559 2385 voluptati
585 2307 646 2376 est,
664 2322 732 2363 non
758 2306 809 2364 est
834 2301 1023 2364 mirandum
1050 2322 1122 2365 eam
1139 2302 1176 2363 L.
1214 2317 1229 2362 9

129 2406 291 2472 Murenae
306 2407 397 2491 apud
418 2405 581 2491 populum
597 2404 772 2489 profuisse.
819 2404 886 2469 Sed
901 2405 929 2469 si
945 2412 1077 2469 uosmet
1100 2407 1174 2490 ipsi,
1187 2408 1228 2471 39

128 2510 188 2595 qui
204 2518 240 2575 et
254 2510 296 2575 ab
318 2510 540 2575 delectatione
565 2510 732 2574 communi
757 2510 900 2596 negotiis
924 2508 1127 2593 impedimur
1142 2518 1178 2573 et

127 2616 163 2678 in
188 2616 261 2699 ipsa
288 2615 506 2699 occupatione
534 2613 774 2678 delectationes
799 2614 881 2677 alias
908 2615 1032 2677 multas
1056 2614 1176 2677 habere

127 2740 316 2803 possumus,
333 2718 423 2782 ludis
439 2726 551 2782 tamen
575 2718 781 2800 oblectamur
796 2725 831 2781 et
849 2716 1013 2793 ducimur,
1030 2718 1114 2801 quid
1137 2726 1176 2781 tu

127 2822 290 2887 admirere
316 2822 357 2887 de
382 2820 599 2886 multitudine
621 2821 779 2885 indocta?
824 2820 862 2884 L.
881 2820 983 2897 Otho,
1001 2823 1053 2886 vir
1068 2820 1175 2897 fortiS,
1188 2824 1229 2886 40

128 2949 223 2991 meus
248 2927 463 3001 necessarius,
491 2926 638 3011 equestri
668 2924 775 2988 ordini
802 2926 952 2990 restituit
975 2948 1042 2989 non
1067 2927 1177 2989 solum
1201 2942 1229 2986 15

127 3030 340 3117 dignitatem,
360 3030 418 3095 sed
444 3031 545 3093 etiam
576 3030 797 3113 voluptatem.
844 3029 965 3114 Itaque
997 3030 1052 3094 lex
1084 3030 1175 3105 haec,

129 3156 215 3218 quae
237 3132 280 3197 ad
304 3134 402 3198 ludos
427 3135 583 3219 pertinet,
608 3141 660 3197 est
685 3134 834 3196 omnium
860 3134 1058 3219 gratissime,
1085 3133 1177 3217 quod

127 3240 362 3303 honestissimo
401 3238 509 3302 ordini
548 3260 624 3302 cum
662 3236 838 3321 splendore
869 3237 1001 3301 fruetus
1041 3259 1175 3321 quoque

128 3343 349 3408 iucunditatis
372 3350 424 3407 est
446 3344 634 3407 restitutus.
684 3341 795 3420 Quare
820 3341 993 3406 delectant
1015 3342 1175 3414 homines

128 3447 334 3523 mihicrede,
351 3447 433 3524 ludi,
447 3448 547 3511 etiam
564 3448 648 3521 illos,
667 3447 726 3530 qui
743 3446 966 3518 dissimulant,
984 3466 1050 3508 nou
1067 3446 1176 3509 solum
1199 3461 1229 3504 ao

128 3574 194 3628 ece,
219 3553 279 3638 qui
302 3551 471 3627 fatentur3
496 3550 587 3636 quod
618 3572 680 3636 ego
712 3552 746 3612 in
777 3572 851 3613 mea
882 3550 1045 3633 petitione
1076 3551 1175 3613 sensi.

129 3656 214 3719 Nam
251 3678 311 3720 nos
343 3677 478 3741 quoque
510 3654 687 3717 habuimus
719 3676 870 3717 scaenam
902 3654 1176 3737 competitrieem.

130 3759 260 3839 Quodsi
291 3782 363 3847 ego,
390 3761 450 3844 qui
481 3761 587 3822 trinos
615 3758 714 3822 ludos
741 3758 858 3838 aedilis
886 3756 1040 3832 feceram,
1066 3764 1176 3821 tamen

129 3864 259 3929 Antoni
275 3864 366 3929 ludis
382 3863 622 3939 commovebar,
640 3862 710 3938 tibi,
728 3864 787 3947 qui
810 3885 890 3928 casu
912 3861 1023 3926 nullos
1040 3860 1176 3936 feceras,
