2800 4367
209 327 272 392 112
482 297 486 302 ’
550 343 622 393 rao
642 343 672 392 r.
697 339 820 394 sunus
843 340 993 391 onemo.

258 512 337 576 dam
359 515 515 600 imposita
537 525 591 580 est
612 515 741 580 abillo.
789 513 886 590 Nam,
902 517 930 578 si
954 515 1152 598 Torquatus
1178 512 1303 576 Sullam

258 617 368 684 solum
385 629 586 694 accusasset,
602 641 665 704 ego
687 639 824 704 quoque
848 618 910 683 hoc
934 626 1085 702 tempore
1110 616 1196 680 nihil
1220 616 1305 679 aliud

258 744 390 810 agerem
407 724 471 787 nisi
488 745 574 798 eum,
592 724 651 807 qui
666 729 844 786 accusatus
868 731 966 798 esset,
983 720 1202 786 defenderem
1217 745 1226 794 ;
1252 721 1306 785 sed

258 849 337 892 cum
351 827 408 891 ille
425 835 497 891 tota
513 827 571 891 illa
585 827 736 891 oratione
753 827 787 889 in
805 847 856 891 me
873 833 963 891 esset
982 827 1141 890 invectus
1165 833 1202 889 et
1225 846 1305 898 cum,

205 945 236 992 as
258 940 297 995 ut
319 932 415 996 initio
441 931 523 1006 dixi,
545 929 777 996 defensionem
804 951 912 994 meam
939 929 1085 1014 spoliare
1109 929 1306 992 auctoritate

259 1035 431 1110 voluisset,
455 1036 586 1100 etiamsi
614 1055 707 1098 meus
734 1055 786 1098 me
813 1034 910 1102 dolor
933 1033 1137 1118 respondere
1166 1054 1237 1095 uon
1263 1054 1308 1096 co

258 1147 362 1226 geret,
372 1147 483 1204 tamen
497 1141 569 1224 ipsa
578 1159 679 1203 causa
688 1138 774 1203 hano
784 1159 804 1202 a
816 1160 867 1204 me
881 1139 1065 1202 orationem
1076 1136 1306 1222 flagitavisset.

204 1246 246 1310 36
304 1262 386 1309 xm.
411 1245 468 1310 Ab
483 1243 725 1330 Allobrogibus
742 1245 952 1308 nominatum
968 1242 1099 1306 Sullam
1115 1263 1190 1308 esse
1217 1243 1307 1306 dicis.
1370 1291 1371 1336 3

258 1348 345 1429 Quis
375 1350 499 1436 negat?
543 1348 610 1414 Sed
648 1349 723 1434 lege
755 1347 917 1412 indicium
948 1359 983 1412 et
1013 1347 1102 1423 vide,
1135 1369 1242 1431 quern
1271 1347 1309 1409 ad

258 1453 394 1517 modum
416 1455 608 1518 nominatus
630 1453 685 1516 sit.
731 1451 770 1515 L.
799 1451 952 1517 Cassium
979 1451 1144 1516 dixerunt
1171 1473 1310 1516 comme-

258 1579 401 1624 morasse
417 1580 494 1623 cum
509 1558 630 1623 ceteris
647 1558 856 1621 Autronium
871 1578 985 1621 secum
1002 1555 1123 1620 facere.
1162 1556 1309 1636 Quaero,

219 1678 338 1726 snum
369 1663 497 1727 Sullam
520 1661 645 1726 dixerit
672 1661 819 1726 Cassius.
866 1659 1053 1746 Nusquam.
1101 1659 1182 1726 Sese
1215 1662 1311 1724 aiunt

157 1833 161 1840 ,
257 1769 427 1850 quaesisse
451 1767 493 1830 de
510 1766 635 1841 Cassio,
659 1764 744 1851 quid
769 1764 865 1829 Sulla
889 1765 1039 1830 sentiret.
1087 1764 1216 1830 Videte
1241 1765 1311 1829 dili·

257 1872 406 1955 gentiam
430 1870 624 1947 Gallorum;
649 1872 710 1956 qui
742 1872 848 1936 vitam
878 1869 1051 1933 hominum
1082 1877 1310 1954 naturamque

257 1996 325 2038 non
340 1983 478 2041 nossent
492 1997 530 2038 ac
552 1982 685 2039 tautum
708 1974 920 2039 audivissent
942 1995 997 2038 eos
1021 1975 1092 2058 pari
1117 1975 1310 2038 calamitate

257 2101 341 2156 esse,
365 2082 618 2165 quaesiverunt,
647 2088 803 2145 essentne
834 2079 952 2143 eadem
979 2079 1167 2144 voluntate.
1216 2077 1311 2158 Quid

205 2199 234 2244 10
256 2191 329 2247 tum
353 2184 516 2248 Cassius?
562 2183 598 2248 Si
619 2184 847 2270 respondisset
869 2182 960 2249 idem
983 2185 1108 2249 sentire
1132 2193 1169 2250 et
1192 2206 1311 2249 secum

225 2308 231 2316 ·
257 2287 365 2352 iacere
389 2287 528 2364 Sullam,
554 2296 666 2354 tamen
690 2289 772 2352 mihi
797 2310 864 2352 non
890 2288 1062 2355 videretur
1092 2289 1129 2352 in
1155 2288 1252 2353 hunc
1276 2287 1311 2351 id

256 2391 469 2455 criminosum
497 2414 568 2456 esse
600 2393 730 2459 debere.
777 2391 870 2472 Quid
909 2394 980 2459 ita?
1028 2393 1128 2473 Quia,
1153 2393 1215 2478 qui
1240 2393 1312 2458 bar·
1373 2465 1374 2482 χ

257 2495 352 2559 baros
383 2496 532 2560 homines
574 2495 617 2561 ad
654 2496 782 2562 bellum
820 2498 1017 2582 impelleret,
1055 2520 1122 2562 non
1161 2497 1311 2563 debebat
1373 2483 1374 2492 ἵ

257 2601 406 2664 minuere
434 2602 568 2664 illorum
596 2603 821 2686 suspicionem
849 2610 885 2666 et
911 2624 1053 2690 purgare
1070 2624 1138 2678 eos,
1167 2602 1210 2666 de
1236 2603 1311 2687 qui·

205 2706 244 2769 37
259 2703 321 2766 bus
351 2705 400 2767 illi
427 2704 556 2788 aliquid
578 2707 741 2789 suspicari
766 2705 972 2770 viderentur.
1030 2707 1105 2771 Non
1131 2706 1310 2790 respondit

204 2814 366 2870 letamen
397 2808 603 2872 una-facere
640 2808 778 2872 Sullam.
826 2809 963 2873 Etenim
993 2819 1082 2876 esset
1106 2809 1307 2884 absurdum,

256 2932 333 2974 curn
356 2919 483 2975 ceteros
503 2933 563 2975 sua
586 2920 713 2996 sponte.
729 2914 944 2990 nominasset,
962 2915 1165 2978 mentionem
1193 2913 1305 2979 facere

256 3009 370 3076 Sullae
398 3011 525 3074 nullam
556 3013 620 3076 nisi
651 3012 860 3077 admonitum
890 3022 926 3079 et
948 3015 1213 3099 interrogatum
1239 3014 1306 3078 nisi

255 3114 342 3178 forte
372 3116 443 3179 veri
473 3116 581 3180 simile
620 3124 671 3180 est
704 3117 741 3178 P.
773 3116 887 3182 Sullae
927 3139 1047 3182 nomen
1079 3118 1113 3179 in
1145 3119 1305 3181 memoria

202 3233 233 3278 ao
255 3218 370 3282 Cassio
402 3240 467 3282 non
500 3219 614 3285 fuisse.
660 3219 696 3284 Si
728 3221 884 3285 nobilitas
916 3221 1068 3297 hominis,
1100 3222 1129 3285 si
1168 3219 1305 3284 adflicta

255 3320 401 3398 fortuna,
418 3323 446 3385 si
462 3324 623 3408 reliquiae
640 3325 801 3408 pristinae
822 3325 998 3412 dignitatis
1022 3347 1088 3388 non
1113 3333 1183 3388 tam
1208 3325 1301 3389 illus·

255 3434 323 3490 tres
347 3425 502 3503 fuissent,
518 3436 631 3493 tamen
648 3431 796 3494 Autroni
820 3432 1089 3495 commemoratio
1108 3430 1302 3494 memoriam

254 3529 368 3595 Sullae
386 3532 591 3606 rettulisset3
615 3535 728 3610 etiarn,
746 3542 786 3597 ut
808 3535 958 3611 arbitror,
983 3556 1059 3598 curn
1083 3534 1302 3598 auctoritates

253 3635 442 3719 principum
481 3636 720 3701 coniurationis
752 3637 794 3701 ad
825 3638 1012 3704 incitandos
1042 3639 1170 3702 animos
1207 3636 1302 3700 Allo

201 3746 231 3804 as
252 3738 392 3825 brogum
416 3740 591 3825 colligeret
614 3739 763 3817 Cassius
787 3750 921 3806 etcum
951 3744 1053 3807 sciret
1082 3749 1216 3807 exteras
1247 3760 1301 3803 na-

254 3844 362 3908 tiones
378 3844 522 3906 maxime
539 3843 715 3906 nobilitate
739 3846 875 3923 moveri,
893 3867 960 3913 non
983 3847 1075 3934 prius
1092 3844 1299 3908 Autronium
