2800 4367
464 338 545 390 cnr.
570 341 626 402 1-2,
649 341 663 402 a
686 339 741 424 1-4.
928 419 930 424 Ι
1044 289 1047 296 ¹
1145 327 1186 390 99

79 517 229 601 periculi
259 518 511 603 propulsatione
541 518 744 604 coniungam
774 517 1004 583 defensionem
1035 517 1135 583 officii

79 622 162 685 mei.
211 620 290 700 Quo
305 621 442 705 quidem
458 643 580 708 genere
596 622 757 686 orationis
773 643 841 685 non
858 629 978 698 uterer,
995 622 1134 699 indicae,

79 725 148 789 hoc
177 733 340 811 tempore,
366 726 396 790 si
423 746 497 791 mea
522 726 633 790 solum
664 727 863 801 interesset3
898 727 1014 790 multis
1045 728 1135 792 enim

80 829 168 892 locis
186 835 222 892 et
237 827 316 893 data
331 827 414 892 mihi
429 828 573 894 facultas
589 836 641 894 est
655 837 691 894 et
713 850 811 914 saepe
835 828 971 894 dabitur
993 830 1035 895 de
1063 853 1136 896 mea

81 932 187 996 laude
204 931 358 1008 dicendi3
381 931 451 1008 sed,
468 939 509 997 ut
522 932 580 998 ille
594 932 691 1010 vidit,
704 941 871 1018 quantum
887 933 929 999 de
942 955 1016 998 mea
1027 945 1140 999 aucto
1161 951 1190 996 aa

82 1038 187 1101 ritate
203 1037 415 1122 desipuisset,
425 1044 558 1102 tantum
573 1059 608 1102 se
625 1037 666 1105 de
682 1039 784 1103 huius
801 1038 973 1124 praesidiis
990 1039 1138 1104 deminu-

82 1150 215 1219 turum,
228 1142 276 1206 sic
303 1141 365 1205 hoc
392 1163 456 1228 ego
482 1143 603 1218 sentio,
619 1144 648 1208 si
676 1143 742 1207 mei
764 1142 847 1207 facti
864 1145 1027 1208 rationem
1043 1145 1137 1210 vobis

82 1247 381 1330 constantiamque
413 1246 515 1311 huius
546 1245 645 1311 officii
677 1268 715 1311 ao
729 1246 954 1312 Ι110100οἰ0010
987 1247 1137 1333 probaro,

82 1372 226 1416 causam
241 1372 377 1436 quoque
394 1372 447 1415 me
464 1353 499 1414 P.
516 1349 630 1416 Sullae
646 1351 875 1436 probaturum.

143 1455 198 1520 Ac
215 1456 362 1540 primum
376 1454 434 1520 abs
450 1460 485 1520 te
501 1453 599 1532 illud,
617 1454 655 1518 L.
673 1456 856 1540 Torquate,
874 1478 1010 1541 quaem,
1021 1479 1081 1522 cur
1096 1480 1148 1522 me
1172 1462 1192 1523 3

81 1582 104 1624 a
120 1560 245 1625 ceteris
261 1560 453 1624 clarissimis
472 1559 552 1625 viris
568 1581 607 1624 ac
623 1559 831 1644 principibus
848 1562 996 1626 civitatis
1020 1562 1056 1625 in
1079 1562 1141 1626 hoc
1164 1578 1192 1623 31

83 1663 199 1729 officio
215 1671 319 1748 atque
342 1663 378 1726 in
401 1662 607 1729 defensionis
629 1665 702 1728 iure
725 1685 888 1756 secernas.
934 1664 1029 1745 Quid
1051 1667 1139 1731 enim

83 1775 150 1844 est,
167 1789 271 1852 quam
288 1767 416 1832 obrem
431 1767 490 1833 abs
508 1775 542 1832 te
559 1766 601 1846 Q.
623 1766 786 1832 Hortensi
808 1767 947 1845 factum,
964 1770 1138 1834 clarissimi

84 1873 153 1938 viri
168 1880 275 1956 atque
288 1872 501 1948 ornatissimi,
510 1893 578 1936 non
590 1870 863 1956 reprehendatur,
878 1872 1142 1957 reprehendatur

84 1976 230 2040 meum?
275 1975 372 2052 Nam,
385 1976 414 2040 si
426 1983 479 2040 est
493 1977 616 2040 initum
628 1998 648 2039 a
662 1976 700 2039 P.
715 1974 811 2040 Sulla
826 1977 1005 2040 consilium
1018 1975 1144 2040 1011001-
1166 1993 1194 2037 35

85 2079 233 2144 mandne
263 2080 372 2144 huius
411 2079 514 2156 urbia,
546 2079 769 2166 extinguendi
804 2081 944 2164 imperii,
981 2080 1141 2146 delendae

85 2185 251 2260 civitella,
279 2184 404 2248 mihine
435 2185 594 2249 maiorem
626 2183 686 2248 hae
714 2206 767 2249 res
794 2183 942 2248 dolorem
971 2205 1071 2269 quam
1100 2184 1141 2262 Q.

87 2288 286 2364 Hortensio,
314 2289 397 2352 mihi
428 2290 536 2354 maius
563 2288 679 2353 odium
710 2287 841 2353 adferre
868 2287 1002 2364 debent,
1031 2309 1142 2352 meum

86 2391 240 2476 deniqne
261 2394 399 2478 gravius
421 2414 493 2458 esse
519 2392 692 2469 iudicium,
711 2393 771 2477 qui
795 2391 1007 2456 adiuvandus
1033 2394 1067 2455 in
1091 2393 1142 2456 his

87 2496 213 2573 causiS,
231 2498 292 2580 qui
319 2497 577 2587 oppugnandus
611 2498 671 2582 qui
698 2495 942 2572 defendendus
969 2498 1029 2580 qui
1056 2496 1147 2560 dese·
1168 2512 1198 2556 40

87 2599 218 2664 rendus
234 2621 307 2664 esse
323 2599 503 2665 videatur?
549 2600 791 2686 ι1003100010
817 2606 875 2664 ‘tu
899 2601 987 2664 enim
1012 2601 1148 2687 investi-

88 2705 191 2790 gasti,
223 2711 264 2767 tu
293 2703 483 2788 patefecisti
523 2703 809 2769 coniurationem’
863 2721 901 2767 11.
936 2703 1037 2783 Quod
1067 2706 1187 2768 cum4

89 2808 186 2885 dicit,
213 2829 283 2872 non
308 2808 456 2873 attendit
480 2830 570 2885 eum,
593 2809 653 2893 qui
685 2807 892 2893 patefecerit,
916 2807 978 2872 hoc
1002 2828 1148 2884 curasse,

91 2920 131 2977 ut
154 2911 193 2976 id
218 2933 335 2977 omnes
366 2912 531 2989 viderent,
555 2912 648 2998 quod
677 2920 778 2977 antea
810 2911 932 2977 fuisset
961 2913 1143 2976 occultum.

92 3016 209 3096 Quare
240 3017 306 3080 ista
331 3017 527 3094 coniuratio,
551 3017 581 3081 si
611 3016 783 3101 patefacta
813 3039 872 3102 per
902 3009 954 3082 m'e
986 3024 1046 3093 est,
1075 3023 1143 3080 tam

92 3127 189 3206 patet
219 3120 402 3185 Hortensio
436 3141 537 3205 quam
564 3121 656 3184 mihi.
703 3121 814 3200 Quem
842 3143 920 3186 curn
946 3120 1060 3186 videas
1084 3121 1147 3184 hoo
1184 3137 1198 3181 5

92 3225 232 3301 honore,
262 3226 473 3301 auctoritate,
506 3225 643 3302 virtute,
675 3226 816 3290 consilio
850 3224 1039 3310 praeditum
1077 3246 1143 3288 non

93 3329 279 3406 dubitasse,
287 3330 371 3413 quin
381 3329 608 3394 innocentiam
620 3328 657 3392 P.
669 3328 783 3393 Sullae
794 3328 1000 3404 defenderet,
1011 3349 1144 3412 quaere,

94 3455 165 3511 cur,
193 3434 254 3518 qui
284 3432 398 3496 aditus
427 3432 470 3497 ad
501 3454 634 3497 causam
667 3431 849 3497 Hortensio
877 3433 1033 3517 patuerit,
1064 3432 1146 3496 mihi

95 3538 303 3603 interclusus
330 3557 402 3602 0000
427 3536 598 3612 debuerit3
634 3557 760 3621 quaero
788 3535 875 3600 illud
902 3538 1013 3613 etiarn,
1030 3537 1058 3600 si
1082 3559 1144 3613 me,

96 3643 155 3726 qui
170 3640 328 3717 defendo,
345 3640 658 3726 reprehendendum
682 3647 781 3724 putas
806 3661 886 3716 esse,
904 3639 988 3724 quid
1011 3640 1146 3704 tandem
1172 3655 1200 3700 10

96 3745 137 3811 de
159 3746 214 3810 his
241 3746 414 3810 existimes
440 3746 580 3809 summis
607 3746 687 3809 viris
718 3751 752 3808 et
782 3745 972 3809 clarissimis
1003 3744 1144 3820 civibus

98 3871 239 3934 quorum
279 3848 394 3915 studio
424 3857 460 3914 et
490 3849 656 3936 dignitate
688 3847 846 3914 celebrari
877 3847 939 3914 hoo
971 3848 1144 3926 iudicium,
