2800 4367
187 346 230 417 70
514 360 585 411 rao
610 356 639 411 n.
665 357 825 411 unauna
847 356 995 411 omme.

239 533 444 609 lamentatio,
472 538 600 617 quanta
624 540 739 596 autem
762 531 971 616 perturbatio
995 529 1151 596 fortunae
1183 541 1293 617 atque

239 634 410 709 sermonis,
428 656 515 707 cum,
532 633 656 718 quibus
674 634 708 696 in
732 634 813 697 locis
836 635 951 719 paucis
975 642 1053 699 ante
1079 634 1201 699 diebus
1225 634 1293 698 fac-

241 752 313 803 tum
336 760 406 803 esse
434 739 606 801 consulem
636 736 814 801 Murenam
841 738 953 801 rruntii
980 737 1181 822 litteraeque
1207 738 1293 803 cele

188 858 216 903 aa
239 842 365 907 brarint
380 848 416 905 et
431 839 519 904 unde
536 840 682 925 hospites
694 849 797 925 atoue
812 841 909 905 amici
921 842 1127 927 gratulatum
1147 842 1291 905 Romam

238 944 477 1017 concurrerint,
494 952 630 1027 repente
647 944 773 1007 existet
796 944 866 1028 ipse
889 944 1031 1007 nuntius
1053 966 1132 1009 suae
1155 946 1290 1008 calami-

187 1052 228 1115 90
244 1047 342 1113 tatis!
400 1046 495 1127 Quae
526 1048 555 1111 si
585 1046 712 1123 acerba
738 1048 768 1111 si
797 1048 927 1123 misera,
950 1048 979 1112 si
1010 1049 1164 1112 luctuosa
1195 1058 1289 1123 sunt,

190 1151 195 1161 '
243 1156 270 1219 si
297 1153 501 1217 alienissima
525 1174 545 1217 a
567 1152 826 1217 mansuetudine
848 1159 885 1216 et
914 1152 1140 1217 misericordia
1162 1163 1288 1226 vestra,

240 1258 376 1335 indices
400 1266 597 1323 conservate
621 1257 739 1342 populi
764 1257 906 1321 Romani
929 1256 1138 1332 beneficium,
1155 1258 1288 1324 reddite

188 1378 218 1423 ³0
240 1363 287 1427 rei
318 1361 469 1447 publicae
500 1362 683 1437 consulem,
707 1360 785 1425 date
816 1361 879 1425 hoc
910 1362 1013 1445 ipsius
1045 1360 1175 1445 pudori,
1208 1362 1288 1426 date

241 1466 328 1551 patri
345 1474 487 1541 mortuo,
503 1465 581 1530 date
597 1466 714 1552 generi
730 1473 767 1529 et
789 1462 945 1539 farniliae,
962 1464 1039 1529 date
1055 1466 1156 1528 etiam
1179 1464 1288 1529 Lanu·

242 1572 307 1647 vic,
334 1570 518 1654 municipio
543 1569 788 1644 honestissimo,
814 1566 907 1652 quod
934 1569 968 1631 in
999 1568 1061 1631 hac
1084 1576 1156 1632 tota
1185 1591 1287 1633 causa

242 1672 401 1757 frequens
422 1681 654 1759 maestumque
670 1672 816 1737 vidistis.
864 1670 978 1735 Nolite
1001 1692 1021 1735 a
1043 1672 1144 1735 sacris
1169 1666 1286 1757 patriis

241 1775 379 1839 lunonis
411 1774 574 1861 Sospitae,
598 1778 653 1841 cui
683 1797 798 1841 omnes
828 1774 983 1840 consules
1011 1771 1120 1839 facere
1151 1798 1286 1841 necesse

188 1894 218 1939 35
240 1887 301 1953 est,
318 1878 539 1943 domesticum
552 1886 587 1943 et
602 1902 701 1944 suum
715 1880 889 1945 consulem
904 1880 1114 1965 potissimum
1130 1881 1286 1945 avellere.
1373 1909 1374 1912 ¹

243 1982 351 2061 Quem
368 2004 430 2069 ego
446 1983 550 2058 vobis
568 1984 596 2047 si
612 1984 696 2068 quid
711 1984 812 2049 habet
826 1991 888 2048 aut
902 1985 1063 2049 momenti
1078 1984 1289 2049 commenda-

240 2088 288 2149 tio
318 2094 379 2150 aut
400 2087 610 2151 auctoritatis
633 2088 841 2152 confirmatio
863 2109 947 2163 mea,
963 2088 1080 2153 consul
1100 2090 1284 2163 consulem,

240 2189 441 2266 iudiceaita
461 2189 725 2267 commendant
746 2190 1002 2276 cupidissimum
1025 2193 1096 2268 otii,
1113 2192 1287 2256 studiosis·
1332 2261 1333 2264 Ἴ
1372 2269 1373 2284 ¹

240 2296 359 2358 simum
392 2294 565 2369 bonorum,
597 2296 796 2359 acerrimum
828 2303 944 2360 contra
981 2295 1191 2368 seditionem,
1223 2296 1286 2359 for-

189 2390 406 2460 notissimum
437 2399 470 2459 in
509 2397 607 2472 bellu,
639 2398 908 2464 inimicissimum
938 2401 1016 2465 huic
1051 2401 1285 2473 coniurationi,

242 2521 326 2584 quae
351 2522 440 2564 nunc
458 2522 526 2565 rern
550 2500 717 2584 publicam
742 2501 934 2582 labefactat,
950 2503 1105 2570 futurum
1129 2524 1199 2570 esse
1215 2524 1286 2587 pro-

241 2603 371 2667 mittam
388 2611 424 2669 et
437 2602 630 2691 spondeam.
