2800 4367
483 337 565 388 cnr.
587 341 675 402 aaa,
697 339 712 398 t
733 341 821 394 arr-rs.
1155 335 1219 404 278

90 505 201 570 millo
229 509 318 574 loco
344 518 453 595 atque
473 510 542 574 illis
564 510 773 596 publicorum
796 514 1038 599 praesidiomm
1061 522 1167 608 copiis

88 609 339 680 circumtusus
367 613 475 690 sedet,
502 616 583 680 sctis
612 615 761 682 declarat
785 639 913 684 senon
939 629 1099 690 terrorem
1121 627 1168 692 in·

87 713 173 779 ferre
220 717 334 782 vobis
371 717 476 802 (quid
513 719 601 782 enim
639 720 750 786 minus
788 722 847 786 illo
886 723 1028 811 dignum
1065 753 1166 818 quam
1189 749 1219 794 aa

42 818 44 849 ³
86 838 230 904 cogere,
256 831 303 886 ut
342 843 406 886 vos
436 843 514 886 enm
543 822 784 904 condemnetis,
818 827 852 890 in
884 850 986 913 quem
1016 835 1165 900 animum

38 852 42 993 i
85 921 281 990 advertere
309 927 388 1010 ipse
411 935 447 990 et
461 947 551 992 more
573 928 736 993 maiorum
759 939 794 994 et
813 953 876 996 suo
899 935 970 1002 inre
992 941 1162 1024 possen),

36 1024 40 1179 θ
85 1026 144 1090 sed
178 1029 375 1114 praesidio
405 1051 487 1106 esse,
519 1039 558 1095 ut
588 1032 795 1120 intellegatis
828 1049 945 1106 contra
975 1043 1165 1110 hesternam

85 1131 188 1196 illam
224 1136 435 1200 contionem
470 1135 568 1201 licere
598 1135 704 1215 vobis,
738 1140 830 1224 quod
867 1148 1030 1224 sentiatis,
1062 1148 1164 1216 libere

37 1222 38 1293 l
87 1235 267 1305 indicare.
1188 1273 1218 1318 ao

36 1360 37 1367 ¹
130 1359 276 1409 xxvn.
320 1344 394 1410 Nec
424 1368 504 1412 vero
533 1371 598 1427 me,
630 1352 768 1430 iudices,
798 1355 1000 1422 Clodianum
1037 1359 1161 1424 crimen
1180 1361 1219 1425 72

36 1422 38 1479 l
89 1457 232 1526 movet,
250 1467 320 1514 nec
336 1457 406 1514 tam
419 1473 495 1516 sum
510 1453 646 1520 demens
664 1465 800 1544 tamque
818 1463 920 1524 vestri
936 1483 1053 1526 sensus
1075 1463 1165 1548 igna-

35 1620 38 1639 ,
89 1573 150 1616 rus
185 1561 306 1640 atque
337 1576 466 1640 expers,
493 1563 533 1621 nt
562 1562 717 1640 nesciam,
742 1564 827 1649 quid
857 1564 897 1629 de
929 1575 1034 1630 morte
1066 1565 1164 1630 Clodi

35 1748 36 1763 χ
92 1660 280 1725 sentiatis.
328 1659 381 1724 De
397 1680 464 1742 qua
477 1662 505 1726 si
518 1663 584 1726 iam
602 1667 725 1732 nollem
743 1669 791 1732 ita
814 1668 942 1734 diluere
966 1671 1101 1746 crimen,
1125 1679 1166 1736 ut

34 1800 40 1853 ι
93 1764 204 1845 dilui,
225 1776 345 1831 tamen
367 1765 492 1850 inpune
523 1768 644 1834 Miloni
670 1773 779 1856 palam
805 1774 945 1838 clamare
969 1795 1006 1838 ac
1032 1775 1203 1839 mentiris

38 1858 40 1885 l
96 1873 259 1955 gloriose
276 1874 411 1938 liceret:
439 1872 587 1951 ‘Occidi
607 1876 713 1940 occidi
731 1899 797 1941 non
824 1877 880 1961 Sp.
909 1877 1080 1954 Maelium,
1105 1880 1164 1963 qui

35 1978 42 2059 t
97 1997 248 2042 annona
276 1977 420 2042 levanda
447 1979 651 2066 iacturisque
677 1984 724 2046 rei
753 1981 934 2056 familiaris,
961 1983 1042 2067 quia
1066 1983 1164 2047 nimis

36 2080 40 2175 ,l
99 2083 274 2168 amplecti
313 2081 445 2167 plebem
485 2083 671 2162 videbatur,
711 2087 746 2148 in
783 2087 1005 2171 suspicionem
1046 2086 1165 2150 incidit

99 2189 207 2275 regni
233 2187 429 2271 appetendi,
450 2210 517 2253 non
543 2189 596 2252 Ti.
621 2189 822 2264 Gracchum,
849 2191 908 2274 qui
932 2191 1078 2276 collegae
1100 2212 1165 2255 ma·

102 2295 295 2378 gistratum
326 2316 387 2381 per
427 2294 625 2360 seditionem
664 2294 847 2381 abrogavit,
887 2314 1030 2379 quorum
1067 2295 1167 2360 inter·
1189 2309 1218 2356 10

104 2396 261 2464 lectores
277 2400 494 2485 inpleverunt
511 2398 623 2464 orbem
641 2407 804 2463 terrarum
820 2399 962 2462 nominis
978 2399 1031 2463 sui
1046 2399 1162 2484 gloria,

105 2504 176 2568 sed
190 2504 289 2569 eum'
308 2504 466 2588 (auderet
485 2507 574 2569 enim
601 2503 720 2580 dicere,
748 2525 825 2568 cnm
847 2504 989 2589 patriam
1013 2503 1163 2588 periculo

108 2626 177 2669 suo
198 2606 403 2690 liberasset),
422 2609 536 2671 ‘cuins
554 2605 738 2672 nefandum
764 2605 969 2670 adulterium
993 2605 1029 2668 in
1053 2606 1163 2690 pulvi·

110 2711 252 2775 naribus
267 2712 487 2776 sanctissimis
505 2712 729 2777 nobilissimae
754 2709 898 2775 feminae
922 2710 1166 2796 conprehende-
1190 2727 1216 2772 14

111 2822 207 2889 runt,
223 2837 310 2891 eum,
328 2817 423 2880 cuius
439 2816 607 2900 supplicio
623 2823 761 2880 senatus
785 2815 965 2879 sollemnes
981 2815 1159 2900 religiones
1177 2817 1217 2881 73

112 2918 298 3003 expiandas
341 2942 437 3005 saepe
476 2921 617 2997 censuit,
658 2941 746 2995 eum,
794 2940 895 3003 quem
933 2941 1010 2983 cum
1051 2938 1162 2982 sorore

114 3045 274 3108 germana
289 3023 455 3088 nefarium
475 3032 630 3108 stuprum
647 3022 767 3088 iecisse
785 3021 822 3085 L.
841 3021 1006 3086 Lucullus
1029 3022 1158 3086 iuratus

114 3149 148 3191 se
181 3128 433 3211 quaestionibus
472 3128 594 3192 habitis
624 3127 713 3193 dixit
743 3127 953 3211 comperisse,
985 3147 1071 3202 eum,
1103 3126 1162 3210 qui

115 3233 233 3307 civem,
254 3254 356 3317 quem
379 3239 525 3308 senatus,
554 3254 654 3317 quem
679 3233 825 3317 populus
855 3231 1037 3306 Romanus,
1061 3252 1161 3314 quem

117 3358 230 3401 omnes
266 3345 384 3422 gentes
420 3335 512 3401 urbis
544 3358 581 3400 ac
616 3338 704 3401 vitae
736 3337 862 3401 civium
895 3343 1162 3400 conservatorem
1186 3350 1216 3396 20

117 3439 314 3516 iudicarant,
346 3462 519 3504 servorum
550 3442 651 3505 armis
682 3441 931 3515 exterminavit,
972 3460 1059 3516 eum,
1103 3441 1160 3524 qui

118 3564 218 3629 regna
233 3542 337 3620 dedit,
354 3543 488 3619 ademit,
505 3543 618 3608 orbem
635 3551 809 3619 terrarum,
823 3543 1025 3627 quibuscum
1042 3544 1160 3620 voluit,

119 3649 259 3730 partitus
276 3655 336 3723 est,
355 3669 442 3722 enm,
463 3648 521 3731 qui
543 3649 696 3732 plurimis
719 3647 876 3712 caedibus
901 3648 937 3710 in
963 3647 1036 3712 foro
1061 3648 1158 3712 lactis

120 3751 278 3836 singulari
300 3752 426 3815 virtute
454 3758 489 3814 et
512 3751 619 3835 gloria
646 3753 753 3816 civem
781 3750 918 3814 domum
941 3752 976 3816 vi
1004 3760 1040 3816 et
1061 3752 1160 3815 armis

90 3918 95 3928 ,
122 3855 287 3942 compulit,
311 3875 399 3932 eum,
424 3855 480 3921 cui
511 3854 596 3922 nihil
624 3873 782 3944 umquam
814 3852 908 3922 nefas
940 3852 1007 3923 luit
1034 3876 1095 3924 nec
1127 3855 1161 3922 in
1184 3869 1213 3919 tt
