2800 4367
205 295 267 358 218
530 308 602 358 rao
625 309 655 357 Ρ.
680 307 808 358 susrro
832 306 980 357 canno.

256 479 378 563 cesse),
394 485 534 544 atcerte
550 479 586 541 in
603 479 804 543 necessitate
829 475 1060 542 defendendae
1075 477 1198 542 salutis
1226 497 1313 542 suae

203 599 232 644 ao
254 582 486 667 praesidioque
502 589 618 647 contra
633 583 700 648 vim
719 590 755 646 et
770 603 904 644 manum
922 580 1142 667 conparando.

125 736 127 738 ψ
203 692 242 755 93
301 703 405 749 xum.
431 686 513 751 Odi
528 686 751 751 immortales!
776 707 955 770 quemnam
972 685 1148 750 ostenditis
1170 685 1312 750 exitum

255 791 361 868 nobis,
378 813 478 876 quam
501 812 596 874 spem
619 791 667 854 rei
693 790 846 875 publicae
870 790 981 854 datis?
1005 797 1129 875 quotus
1155 791 1313 875 quisque

255 897 448 960 invenietur
480 902 576 958 tanta
605 896 732 960 virtute
764 896 824 971 vir,
856 897 915 980 qui
946 896 1104 979 optimam
1130 916 1312 979 quamque

256 1021 389 1065 causam
406 1001 453 1064 rei
469 999 622 1084 publicae
647 1000 881 1084 amplectatur,
899 1000 960 1083 qui
976 999 1071 1063 bonis
1088 1000 1169 1063 viris
1197 998 1315 1062 deser-

217 1123 232 1166 s
254 1105 334 1182 viat,
350 1105 409 1188 qui
425 1102 566 1168 solidam
585 1102 717 1167 laudem
736 1124 916 1188 veramque
933 1103 1093 1188 quaerat?
1119 1125 1199 1166 cum
1223 1103 1314 1166 sciat

256 1209 323 1272 duo
339 1209 397 1272 illa
413 1209 459 1272 rei
482 1207 634 1292 publicae
651 1229 756 1291 paene
775 1207 853 1284 fata,
873 1207 1056 1272 Gabinium
1075 1215 1110 1272 et
1132 1207 1312 1280 Pisonem,

255 1313 398 1376 alterurn
415 1312 547 1376 haurire
574 1310 697 1376 cotidie
723 1333 765 1376 ex
789 1313 1008 1397 pacatissimis
1036 1320 1138 1396 atque
1164 1312 1312 1396 opulen-

256 1417 393 1480 tissimis
412 1414 526 1502 Syriae
542 1416 633 1501 gazis
649 1416 891 1481 innumerabile
908 1416 1040 1501 pondus
1064 1417 1147 1493 auri,
1173 1416 1310 1480 bellurn

255 1519 378 1584 inferre
409 1518 670 1604 quiescentibus,
700 1527 741 1582 ut
768 1541 884 1585 eorum
911 1528 1044 1586 veteres
1074 1520 1310 1604 inlibatasque

184 1641 232 1686 ·10
253 1624 389 1688 divitias
405 1625 439 1685 in
455 1622 950 1708 profundissimum‘libidinum
976 1645 1112 1689 suarum
1129 1625 1307 1710 gurgitem

254 1726 446 1814 profundat,
463 1729 579 1792 villam
599 1728 773 1794 aedificare
798 1730 834 1792 in
852 1730 969 1793 oculis
994 1729 1143 1793 omnium
1160 1737 1308 1801 tantam,

255 1833 430 1918 tugurium
455 1833 584 1897 utiam
613 1832 768 1897 videatur
798 1855 870 1898 esse
898 1833 957 1897 illa
983 1833 1075 1910 villa,
1104 1854 1207 1917 quam
1234 1833 1306 1915 ipse

255 1935 410 2002 tribunus
440 1936 486 2021 pl.
517 1938 641 2021 pictam
674 1937 754 2000 olim
785 1938 819 2000 in
851 1937 1063 2002 contionibus
1100 1936 1306 2022 explicabat,

255 2063 323 2126 quo
339 2040 557 2106 fortissimum
574 2063 612 2106 ac
638 2063 809 2105 summum
834 2043 941 2108 civem
962 2044 996 2105 in
1023 2041 1182 2107 invidiam
1202 2042 1305 2105 horno

201 2144 241 2207 94
256 2155 367 2211 castus
383 2168 420 2211 ac
449 2167 514 2210 non
541 2145 683 2230 cupidus
705 2153 859 2220 vocaret3
884 2147 1028 2211 alterum
1052 2146 1242 2211 Thracibus
1267 2166 1305 2208 ac

203 2266 231 2311 16
253 2250 418 2314 Dardanis
442 2252 586 2334 primum
610 2272 725 2334 pacem
753 2251 897 2314 maxima
921 2251 1065 2335 pecunia
1096 2250 1303 2323 vendidisse,

254 2353 385 2430 deinde,
410 2363 450 2418 ut
472 2355 521 2417 illi
546 2355 723 2436 pecuniam
750 2355 910 2418 conficere
939 2362 1085 2439 possent,
1112 2354 1303 2420 vexandam

254 2458 295 2521 iis
319 2457 550 2522 Macedoniarn
581 2464 616 2520 et
641 2457 848 2541 spoliandam
874 2458 1062 2534 tradidisse,
1087 2459 1301 2542 eundemque

254 2561 341 2626 bona
358 2561 560 2626 creditorum
584 2561 710 2625 civium
739 2562 964 2626 Romanorum
990 2585 1066 2626 curn
1094 2562 1302 2627 debitoribus

200 2683 232 2728 ac
254 2664 390 2730 Graecis
412 2664 577 2740 divisisse,
609 2686 727 2750 cogere
759 2666 918 2751 pecunias
946 2667 1107 2730 maximas
1132 2688 1151 2728 a
1179 2667 1302 2752 Dyrra-

255 2769 371 2844 chinis,
403 2769 545 2853 spoliare
577 2767 767 2845 Thessalos
795 2776 920 2833 certam
953 2769 1099 2833 Achaeis
1130 2771 1164 2832 in
1194 2789 1301 2832 annos

254 2874 405 2960 singulos
436 2865 614 2958 pecuniam
645 2873 860 2957 imperavisse
893 2895 1002 2958 neque
1035 2881 1144 2937 tamen
1170 2874 1241 2936 ullo
1265 2873 1297 2933 in

255 2977 389 3062 publico
420 2985 481 3041 aut
514 2977 671 3063 religioso
703 2977 777 3042 loco
809 2979 945 3064 signum
976 2986 1036 3042 aut
1067 2977 1215 3042 tabulam
1241 2983 1299 3040 aut

255 3089 487 3145 ornamentum
505 3081 702 3165 reliquisse3
727 3081 802 3145 illos
818 3083 865 3145 sio
883 3081 1047 3158 inludere,
1065 3081 1188 3167 quibus
1201 3101 1297 3145 omne

202 3201 231 3246 ao
253 3186 457 3270 supplicium
481 3192 583 3270 atquc
609 3185 716 3248 omnis
742 3186 813 3249 iure
841 3193 980 3270 optumo
1006 3207 1113 3271 poena
1139 3185 1296 3257 debetur;

254 3313 326 3355 reos
349 3311 420 3354 esse
444 3289 504 3354 hos
527 3289 621 3365 duos,
646 3310 731 3374 quos
753 3289 885 3355 videtis.
934 3291 1064 3356 Omitto
1088 3291 1152 3354 iarn
1177 3289 1297 3353 Nume-

254 3395 350 3470 rium,
368 3394 558 3470 Serranum,
578 3395 728 3470 Aelium,
746 3395 947 3480 quisquilias
971 3395 1145 3460 seditionis
1170 3395 1296 3460 Clodia·

253 3519 336 3573 nae3
366 3498 427 3564 sed
450 3507 563 3565 tamen
591 3499 625 3562 hi
655 3522 792 3584 quoque
821 3501 920 3564 etiam
953 3522 1043 3565 nunc
1074 3500 1227 3576 volitant,
1258 3504 1296 3560 ut

254 3601 387 3679 videtis,
412 3626 483 3678 nec,
508 3603 588 3666 dum
612 3625 671 3667 vos
704 3603 744 3667 de
773 3602 866 3667 vobis
894 3604 1029 3687 aliquid
1053 3603 1223 3680 timebitis,
1248 3601 1293 3664 illi

201 3721 241 3794 ³⁰.
252 3726 414 3792 umquam
431 3708 472 3772 de
489 3731 523 3772 se
540 3707 787 3790 pertimescent.

201 3807 241 3870 95
300 3827 401 3875 xnrv.
426 3810 511 3872 Nam
528 3808 613 3893 quid
628 3830 690 3893 ego
707 3809 748 3872 de
765 3809 871 3873 aedile
887 3811 959 3894 ipso
975 3811 1180 3896 loquar,qui
1198 3813 1292 3876 etiarn
