2800 4367
449 348 531 400 car.
556 350 792 414 ar-as,srcs1.
1035 325 1041 337 '
1129 342 1194 408 129

105 540 194 603 quae,
210 520 382 584 verissima
417 528 453 586 et
487 522 685 608 gravissima
722 522 822 590 debet
859 546 943 602 esse,
974 525 1140 592 audietur.

104 623 234 687 Nullum
247 625 284 688 in
299 625 362 690 hac
376 647 480 698 ,causa
502 634 624 692 testem
646 628 814 705 timemus,
831 629 917 694 nihil
940 651 1143 718 quemquam
1156 638 1194 701 79

103 729 187 803 seire,
218 728 303 792 nihil
338 728 474 807 vidisse,
500 730 587 794 nihil
625 731 759 798 audisse
804 733 1013 800 arbitramur.
1073 735 1142 806 Sed

103 834 265 909 tamensi
290 833 379 898 nihil
401 855 462 898 vos
486 834 525 898 P.
543 833 659 901 Sullae
687 835 825 902 fortuna
856 847 978 917 movet,
1001 839 1141 919 iudices,
1165 857 1194 902 11

103 944 204 1001 vestra
219 945 362 1004 moveat.
408 938 533 1004 Vestra
548 941 648 1017 enim,
660 937 720 1026 q'ui
736 963 813 1006 cum
828 963 958 1008 summa
973 945 1142 1032 elegantia

102 1049 193 1125 atque
211 1043 408 1128 integritate
433 1029 576 1121 vixistis,
593 1045 656 1110 hoc
679 1046 823 1111 maxime
846 1047 997 1126 interest,
1014 1071 1081 1114 non
1097 1073 1140 1116 ex

102 1144 228 1210 hbidine
264 1155 326 1210 aut
362 1147 533 1213 simultate
573 1155 634 1212 aut
669 1148 810 1214 levitate
848 1151 988 1216 testium
1025 1173 1140 1218 carmes

102 1248 307 1315 honestorum
328 1251 504 1316 hominum
526 1252 714 1336 ponderari,
730 1252 790 1318 sed
805 1253 839 1318 in
863 1257 993 1342 magnis
1016 1255 1141 1343 disqui-

101 1354 268 1420 sitionibus
283 1339 536 1440 repentinisque
553 1356 713 1440 periculis
731 1358 836 1423 vitam
851 1360 953 1424 unius
977 1361 1141 1447 cuiusque
1164 1378 1195 1424 so

101 1479 165 1522 esse
194 1466 325 1524 testem.
375 1458 487 1538 Quam
517 1482 586 1537 vos,
618 1459 757 1538 iudices,
789 1462 893 1528 nolite
931 1463 1031 1528 armis
1068 1466 1140 1530 suis

100 1562 265 1644 spoliatam
291 1571 396 1652 atque
417 1563 580 1629 nudatam
601 1564 730 1632 obicere
752 1566 911 1644 invidiae,
927 1566 1049 1634 dedere
1071 1590 1142 1636 sus-

101 1666 233 1748 picioni3
261 1669 392 1732 munite
414 1689 626 1733 communem
646 1692 757 1736 arcem
779 1671 951 1748 bonorum,
975 1673 1140 1739 obstruite

101 1769 244 1857 perfugia
280 1771 530 1856 improborum;
569 1774 679 1838 valeat
710 1782 744 1840 et
774 1774 818 1838 ad
854 1797 995 1859 poenam
1032 1785 1068 1842 et
1097 1777 1141 1842 ad

100 1874 232 1940 salutem
259 1875 451 1960 plurimum,
471 1898 571 1960 quam
596 1877 703 1941 solam
730 1877 852 1943 vidctis
883 1880 988 1963 ipsam
1015 1903 1058 1945 ex
1081 1903 1142 1946 sua
1164 1901 1195 1948 ss

100 1986 210 2044 natura
238 1978 400 2045 facillime
432 1981 586 2065 perspici,
613 1981 727 2046 subito
757 1980 847 2048 flecti
886 1984 1035 2070 fingique
1072 2007 1139 2050 non

99 2104 196 2166 posse.

137 2205 238 2252 xxix.
271 2187 367 2268 Quid
390 2190 495 2254 vero?
519 2190 601 2256 haec
618 2191 801 2256 auctoritas
820 2193 970 2276 (semper
985 2195 1075 2257 enirn
1090 2198 1194 2262 estso

99 2289 135 2356 de
160 2314 197 2357 ea
222 2292 415 2370 dicendum,
440 2315 646 2379 quamquam
672 2317 692 2358 a
718 2317 769 2360 me
797 2295 914 2361 timide
946 2297 1140 2383 modiceque

99 2394 251 2481 dicetur),
276 2398 386 2483 quid?
411 2399 560 2483 inquam,
582 2398 663 2464 haec
691 2400 872 2464 auctoritas
900 2408 1023 2478 nostra,
1040 2403 1099 2486 qui
1122 2424 1142 2466 a

98 2502 207 2566 ceteris
230 2502 472 2567 coniurationis
494 2504 603 2568 causis
626 2503 861 2580 abstinuimus,
878 2504 917 2567 P.
938 2503 1067 2570 Sullam
1088 2505 1143 2572 de·

98 2602 269 2682 sendimus,
286 2606 372 2671 nihil
395 2606 485 2672 hunc
508 2606 645 2672 tandem
667 2606 823 2672 iuvabit?
868 2607 980 2674 Grave
1001 2618 1054 2675 est
1077 2610 1140 2675 hoc
1177 2625 1193 2670 s
1256 2689 1260 2698 ἰ

97 2707 183 2774 dictu
205 2709 359 2787 fortasse,
375 2710 515 2788 iudices,
527 2733 641 2798 grave,
658 2712 687 2776 si
710 2713 899 2796 appetimus
922 2712 1067 2797 aliquid3
1100 2715 1139 2791 si,

97 2834 167 2878 cum
180 2816 283 2880 ceteri
299 2815 341 2880 de
357 2814 455 2880 nobis
470 2815 583 2892 silent,
600 2837 668 2880 non
691 2817 793 2880 etiarn
816 2823 947 2880 nosmet
968 2817 1031 2900 ipsi
1054 2824 1141 2882 taee-

96 2939 173 2996 mus,
203 2941 328 3006 grave3
366 2918 437 2996 sed,
468 2921 498 2984 si
536 2919 709 2995 laedimur,
741 2921 770 2984 si
808 2941 1013 2996 accusamur,
1044 2922 1074 2986 si
1103 2923 1139 2985 in

96 3022 253 3088 invidiam
268 3045 437 3100 vocamur,
455 3022 606 3109 proiecto
622 3022 817 3098 conceditis,
834 3023 972 3098 iudices,
989 3032 1029 3088 ut
1044 3024 1139 3090 nobis

96 3125 278 3192 libertatem
304 3129 450 3192 retinere
478 3128 588 3204 liceat,
604 3127 634 3190 si
661 3128 772 3190 minus
800 3127 902 3190 liceat
928 3126 1137 3212 dignitatem.
1163 3145 1192 3189 1o

97 3230 250 3296 Accusati
265 3239 349 3296 sunt
371 3253 440 3296 uno
462 3232 595 3295 nomine
618 3231 819 3307 consulares
836 3238 876 3294 ut
897 3230 962 3294 iam
985 3230 1140 3296 videatur
1150 3235 1188 3297 81

98 3332 221 3400 honoris
236 3335 435 3420 amplissimi
451 3356 572 3399 nornen
587 3334 665 3418 plus
681 3333 827 3398 invidiae
844 3355 945 3418 quarn
963 3333 1138 3420 dignitatis

97 3437 227 3504 adferre.
275 3438 514 3513 ‘Adiuerunt,'
532 3439 653 3522 inquit,
671 3437 858 3501 ‘Catilinae
883 3437 1047 3522 illumque
1070 3439 1139 3502 lau·

98 3538 231 3608 darunt?
278 3541 384 3605 Nulla
399 3551 473 3605 tum
495 3540 641 3626 patebat,
657 3541 751 3604 nulla
774 3548 845 3604 erat
868 3542 1003 3626 cognita
1026 3543 1139 3607 coniu-

99 3645 193 3722 rati03
216 3645 448 3712 defendebant
462 3646 616 3719 amicum,
632 3643 772 3708 aderant
786 3644 941 3728 supplici,
959 3647 1049 3711 vitae
1066 3647 1138 3712 eius
1163 3664 1191 3710 15

99 3749 336 3832 turpitudinem
349 3750 385 3812 in
401 3749 540 3813 summis
555 3748 628 3812 eius
648 3747 805 3831 periculis
829 3768 896 3810 non
921 3749 1140 3833 insequeban-

99 3856 156 3914 tur.
200 3853 294 3933 Quin
309 3853 411 3918 etiam
426 3873 547 3936 parens
569 3858 659 3926 tuuS,
677 3851 858 3934 Torquate,
876 3853 995 3916 consul
1016 3875 1074 3918 reo
1096 3854 1138 3922 de
