2800 4367
489 365 570 419 car.
594 368 652 435 aa,
676 369 691 430 r
713 369 785 420 au
1139 355 1201 422 291

34 511 35 532 Χ
70 517 256 604 minutam
270 541 406 606 civium
420 539 648 604 Romanorum
659 561 726 604 non
739 539 915 616 tulerunt3
933 561 992 606 vos
1004 550 1151 626 ereptam
1177 557 1206 606 ιο

74 644 178 707 vitam
213 644 448 731 neglegetis?
492 643 550 708 lus
578 645 757 731 legationis
780 643 882 710 verbo
906 645 1068 709 violatum
1100 647 1151 712 illi

75 750 261 831 persecuti
279 756 386 823 sunt;
403 769 462 813 vos
479 747 628 836 legatum
645 750 736 812 omni
752 749 918 834 supplicio
935 747 1153 814 interfectum
1230 819 1234 828 ,

78 852 326 937 relinquetis?
364 850 498 928 Videte,
515 873 567 928 ne,
585 861 626 918 ut
641 853 709 917 illis
725 853 988 938 pulcherrimum
1001 851 1070 918 fnit
1085 853 1205 919 tan-12

79 966 141 1017 taur
155 956 272 1022 vobis
286 956 422 1040 imperii
437 955 577 1041 gloriam
595 955 735 1032 tradere,
747 957 795 1020 sic
806 956 899 1021 vobis
918 957 1149 1041 turpissimum

43 1066 44 1083 ¹
81 1061 120 1123 sit
135 1061 187 1136 id,
209 1059 317 1146 quod
332 1060 519 1144 accepistis,
537 1063 624 1124 tueri
640 1069 676 1126 et
691 1081 888 1126 conservare
905 1083 973 1126 non
989 1083 1095 1147 posse.
1176 1081 1205 1127 n

43 1162 44 1217 ἶ
120 1165 256 1242 Quid?
286 1163 382 1248 quod
405 1163 498 1228 salus
525 1166 691 1228 sociorum
713 1187 882 1230 summum
908 1166 943 1228 in
961 1167 1150 1251 periculum

42 1234 45 1353 i
82 1291 115 1332 ac
131 1269 336 1334 discrimen
351 1275 502 1344 vocatur,
519 1291 588 1353 quo
605 1270 739 1334 tandem
757 1271 869 1335 animo
892 1269 978 1337 ferre
996 1271 1152 1337 debetis?

44 1372 45 1393 ¹
85 1373 208 1460 Regno
239 1380 300 1438 est
334 1372 497 1456 expulsus
525 1373 768 1440 Ariobarzanes
797 1397 867 1452 rex,
891 1377 1001 1440 socius
1035 1378 1151 1462 populi

87 1478 237 1543 Romani
258 1483 366 1562 atque
382 1478 528 1553 amicus3
553 1479 732 1544 imminent
755 1479 823 1544 duo
847 1503 942 1568 reges
969 1483 1032 1545 toti
1049 1481 1150 1548 Asiae

88 1604 151 1645 non
183 1582 308 1646 solum
325 1580 422 1645 vobis
449 1582 680 1659 inimicissimi,
697 1583 756 1648 sed
779 1586 878 1648 etiam
905 1586 1027 1650 vestris
1050 1587 1149 1651 sociis
1176 1603 1206 1649 aa

88 1702 192 1771 atque
211 1685 358 1759 amicis3
381 1686 535 1750 civitates
551 1694 663 1751 autem
681 1708 796 1752 omnes
813 1697 934 1753 cuncta
950 1688 1035 1752 Asia
1049 1697 1151 1774 atque

89 1789 241 1855 Graecia
260 1795 412 1853 vestrum
434 1789 600 1853 auxilium
626 1798 820 1875 exspectare
848 1801 984 1878 propter
1010 1794 1153 1877 periculi
1224 1859 1229 1868 ,

45 1884 46 1905 ἦ
90 1891 371 1982 magnitudinem
398 1902 584 1979 coguntu1·;
610 1897 844 1980 imperatorem
868 1896 997 1962 avobis
1022 1905 1151 1962 certum

90 1998 291 2084 deposcere,
308 2017 385 2060 cum
413 2000 607 2082 praesertim
637 2022 696 2064 vos
725 2001 828 2064 aliun
857 2002 1023 2078 miseritis,
1041 2023 1151 2087 neque

45 2162 47 2179 ,
91 2103 228 2168 audent
256 2122 367 2186 neque
394 2123 430 2166 se
447 2101 482 2166 id
505 2101 614 2168 iacere
632 2106 704 2169 sine
729 2125 860 2169 summo
884 2106 1034 2190 periculo
1057 2128 1153 2192 posse
1176 2123 1206 2170 aa

46 2288 47 2291 Ἴ
93 2209 318 2272 arbitrantur.
365 2205 496 2271 Vident
518 2215 554 2272 et
578 2209 732 2274 sentiunt
754 2209 816 2274 hoc
839 2209 939 2286 idem,
963 2211 1056 2295 quod
1079 2234 1149 2289 vos,
1167 2216 1205 2280 1³

46 2296 47 2363 i
95 2336 206 2378 unum
223 2313 334 2376 virum
362 2335 445 2390 esse,
462 2315 497 2377 in
524 2335 592 2399 quo
621 2335 753 2378 summa
780 2315 850 2378 sint
876 2315 996 2390 omnia,
1014 2322 1049 2379 et
1072 2337 1150 2379 eum

45 2410 47 2453 ἕ
95 2425 238 2505 propter
253 2438 337 2495 esse,
354 2441 422 2503 quo
438 2420 539 2484 etiam
565 2427 680 2483 carent
703 2419 855 2504 aegrius3
880 2420 976 2483 cuius
1000 2419 1149 2483 adventu

97 2525 171 2609 ipso
189 2531 292 2607 atque
320 2525 465 2600 nomine,
482 2525 617 2588 tametsi
643 2524 700 2587 ille
726 2522 1001 2587 admaritimum
1024 2523 1150 2588 bellum

46 2616 47 2619 ¹
98 2629 242 2703 venerit,
275 2635 387 2692 tamen
415 2629 562 2713 impetus
591 2627 738 2691 hostium
770 2647 936 2711 repressos
961 2648 1032 2690 esse
1056 2628 1153 2692 intel·
1174 2643 1205 2691 ³0

98 2733 222 2818 legunt
252 2753 290 2796 ac
321 2732 517 2797 retardatos.
565 2731 612 2794 Hi
640 2753 709 2807 vos,
739 2733 895 2816 quoniam
929 2731 1032 2795 libere
1056 2733 1150 2816 loqui

100 2834 275 2911 nonlicet,
292 2837 393 2902 tacite
417 2844 548 2924 rogant,
566 2846 606 2902 ut
620 2859 656 2901 se
674 2857 809 2920 quoque
834 2837 924 2900 sicut
947 2842 1149 2900 certerarum

102 2939 348 3022 provinciarum
363 2942 470 3007 socios
487 2942 608 3029 dignos
623 2941 835 3016 existimetis,
849 2961 992 3025 quorum
1005 2941 1149 3006 salutem

104 3043 165 3106 tali
189 3043 261 3108 viro
287 3046 539 3132 commendetis,
567 3054 670 3130 atque
697 3045 760 3109 hoc
787 3046 888 3109 etiam
917 3046 1032 3131 magis,
1057 3046 1149 3130 quod

105 3155 230 3211 eeteros
244 3148 277 3210 in
296 3151 503 3234 provinciam
525 3151 597 3215 eius
622 3149 711 3213 modi
735 3149 886 3214 homines
910 3170 987 3213 cum
1011 3150 1203 3234 imperiosa

106 3252 278 3329 mittimus,
295 3261 344 3330 ut,
367 3257 499 3320 etiamsi
522 3254 564 3318 ab
588 3255 684 3318 hoste
708 3253 903 3329 defendant,
929 3262 1041 3318 tamen
1064 3256 1150 3340 ipso

107 3378 180 3419 rum
206 3356 369 3424 adventus
392 3361 427 3423 in
451 3360 549 3425 urbes
573 3361 739 3424 sociorum
764 3380 831 3423 non
860 3359 1005 3423 multum
1029 3359 1071 3423 ab
1093 3361 1149 3424 ho-

107 3460 175 3524 stili
205 3455 452 3550 expugnatione
484 3462 654 3543 differant,
685 3465 776 3530 hunc
815 3463 998 3528 audiebant
1036 3473 1145 3542 antea,

109 3585 195 3627 nunc
216 3577 422 3649 praesentem
438 3569 557 3635 vident
580 3576 674 3634 tanta
690 3568 922 3654 temperantia,
940 3576 1035 3632 tanta
1059 3591 1148 3632 man-

49 3732 50 3739 ,
109 3668 292 3748 suetudine,
318 3680 412 3737 tanta
437 3672 656 3748 humanitate,
682 3680 723 3736 ut
747 3674 771 3736 ii
795 3672 981 3737 beatissimi
1006 3695 1078 3738 esse
1103 3674 1149 3738 vi·
1171 3689 1200 3734 40

47 3756 51 3839 i
110 3772 254 3850 deantur,
271 3775 361 3860 apud
378 3799 463 3862 qnos
478 3778 534 3841 ille
552 3777 742 3841 diutissime
758 3786 992 3841 commoratur.

152 3893 198 3943 vr.
228 3878 349 3958 Quare,
366 3883 395 3946 si
417 3888 554 3968 propter
578 3883 685 3948 socios
711 3881 806 3945 nulla
830 3883 893 3970 ipsi
910 3882 1031 3946 iniuria
1047 3883 1148 3949 laces·
1162 3879 1198 3945 14
