2800 4367
516 343 570 394 ur.
595 343 661 405 111,
684 342 699 404 s
721 343 777 396 ea
1158 329 1219 394 141

105 509 355 578 arbitrabatur.
396 520 526 572 'Eonsrs
556 525 606 572 νῦν
629 537 688 588 μοι,
711 515 986 582 Matrona-ianus
1008 519 1042 590 dil
1064 522 1169 594 notitior

106 623 170 690 πῦρ
187 615 305 687 ἑ’μ’τιεσε.
336 609 453 682 'Nosti
476 614 621 680 Calvum
637 637 679 680 ex
696 614 913 690 Nanneianis,
939 615 1034 678 illum
1059 615 1170 680 landa·

107 719 226 794 torem
247 741 372 798 meum,
389 720 430 786 de
446 719 544 784 cuius
568 720 718 784 oratione
742 740 820 806 erga
844 739 895 784 me
922 718 1101 784 honorifica
1127 721 1170 785 ad

108 824 148 882 te
184 822 401 908 scripseram:
433 822 537 889 biduo
567 844 759 908 perunum
789 843 934 898 servum,
961 833 996 888 et
1022 844 1098 887 eum
1129 847 1170 889 ex
1193 841 1223 886 rs

109 922 323 1007 gladiatorio
348 927 440 1005 ludo,
467 926 616 992 confecit
641 934 752 992 totum
779 928 971 1014 negotium:
997 929 1170 994 arcessivit

111 1026 162 1090 ad
190 1052 236 1108 se,
265 1034 430 1116 promisit,
460 1032 661 1107 intercessit,
693 1029 808 1106 dedit;
839 1031 905 1094 iam
936 1053 1104 1096 vero-o
1135 1032 1167 1096 di

111 1129 210 1211 boni,
226 1157 296 1200 rem
311 1137 478 1222 perditam
489 1135 497 1198 l
510 1175 554 1184 -
565 1137 668 1200 etiam
685 1141 802 1200 noctes
815 1143 980 1200 certarum
993 1135 1169 1200 mulierum

116 1242 224 1322 atque
250 1239 580 1306 adolescentulorum
609 1238 774 1303 nobilium
803 1237 1069 1304 introductiones
1100 1261 1166 1304 non

116 1341 225 1405 nullis
259 1343 428 1410 iudicibus
458 1365 520 1429 pro
549 1341 713 1408 mercedis
750 1342 886 1407 cumulo
924 1341 1073 1408 fuerunt.
1120 1343 1173 1408 lta
1193 1359 1223 1404 so

117 1464 250 1512 summo
271 1447 422 1514 discessu
449 1449 622 1524 bonorum,
649 1447 750 1532 pleno
777 1446 850 1512 foro
876 1469 1048 1512 servorum
1079 1465 1168 1512 xxv.

119 1547 248 1615 iudices
264 1553 312 1616 ita
335 1552 442 1618 fortes
465 1561 578 1618 tamen
602 1550 754 1627 fuerunt,
779 1559 820 1615 ut
845 1572 975 1616 summo
1001 1553 1169 1636 proposito

120 1654 270 1735 periculo
300 1657 357 1721 vel
387 1658 495 1742 perire
525 1656 707 1722 maluerint
737 1677 838 1740 quam
869 1655 1005 1740 perdere
1037 1658 1166 1720 omnia:

121 1772 228 1821 xxm.
252 1759 402 1838 fuerunt,
428 1781 513 1846 quos
536 1760 641 1825 fames
661 1762 768 1847 magis
793 1781 893 1845 quam
917 1759 1005 1824 lama
1030 1781 1170 1826 commo-

122 1872 234 1939 veret3
258 1886 404 1949 quorum
432 1865 576 1930 Catulus
604 1887 681 1930 cum
707 1864 846 1929 vidisset
862 1864 1039 1950 quendam,
1058 1864 1170 1949 “quid
1194 1881 1223 1926 ss

124 1966 214 2042 vos,'’
230 1969 354 2054 inquit,
373 1979 392 2008 ‘⁶
404 1968 644 2056 praesidiuma
668 1969 762 2033 uobis
786 1968 1029 2052 postulabatis?
1051 1989 1103 2044 an,
1128 1991 1169 2035 ne

125 2074 249 2138 nummi
289 2073 385 2138 vobis
427 2074 646 2159 eriperentur,
689 2071 912 2137 timebatis?”
977 2071 1098 2148 Habes,
1131 2081 1170 2137 ut
1203 2076 1233 2138 6-

126 2172 314 2243 brevissime
332 2177 440 2262 potui,
457 2185 566 2264 genus
583 2176 699 2240 iudicii
723 2185 758 2241 et
781 2197 915 2240 causam
938 2175 1168 2241 absolutionis.

128 2278 263 2358 Quaeris
279 2282 449 2368 deinceps,
466 2283 525 2367 qui
542 2303 632 2346 nunc
644 2283 689 2345 sit
701 2288 811 2346 status
823 2303 934 2346 rerum
947 2283 1052 2365 etqui
1065 2303 1167 2346 meus.

129 2383 186 2448 Rei
208 2386 361 2470 publicae
385 2395 514 2452 statum
540 2373 647 2460 illum,
665 2407 765 2470 quem
785 2393 820 2448 tu
846 2407 918 2450 meo
941 2385 1090 2461 consilio,
1107 2407 1169 2472 ego
1193 2403 1224 2448 m

128 2487 236 2554 divino
267 2492 501 2556 confirmatum
533 2490 703 2574 putabam,
738 2491 795 2574 qui
827 2489 988 2554 bonorum
1019 2490 1169 2553 omnium

129 2595 356 2661 coniunctione
388 2608 423 2660 et
460 2595 660 2658 auctoritate
694 2593 889 2659 consulatus
920 2593 984 2656 mei
1016 2593 1102 2656 fixus
1133 2601 1168 2658 et

129 2694 282 2764 fundatus
298 2699 487 2775 videbatur,
505 2698 570 2762 nisi
592 2699 667 2783 quis
691 2719 752 2762 nos
774 2696 857 2762 deus
874 2698 1067 2780 respexerit,
1084 2697 1170 2782 elap-

129 2822 197 2865 sum
225 2804 311 2868 scito
336 2825 409 2870 esse
436 2802 478 2868 de
507 2801 661 2866 manibus
694 2822 763 2866 uno
790 2800 851 2865 hoc
876 2799 1009 2875 iudicio,
1035 2801 1063 2863 si
1088 2800 1171 2864 iudi-

129 2907 210 2970 cium
233 2916 287 2973 est
313 2909 456 2995 triginta
482 2908 634 2972 homines
665 2906 783 2991 populi
814 2906 955 2970 Romani
983 2905 1170 2970 levissimos
1193 2919 1223 2964 95

129 3031 162 3075 ac
189 3014 413 3098 nequissimos
445 3012 630 3076 nummulis
664 3011 809 3094 acceptis
840 3011 892 3073 ius
923 3030 960 3074 ac
991 3007 1042 3072 las
1073 3029 1169 3073 omne

130 3113 230 3182 delere
247 3126 291 3193 et,
309 3115 402 3201 quod
419 3138 535 3181 omnes
553 3136 621 3180 non
639 3113 737 3178 modo
753 3113 912 3187 homines,
929 3134 1047 3176 verum
1069 3119 1170 3177 etiam

128 3222 264 3303 pecudes
288 3221 419 3286 factum
442 3243 515 3288 esse
538 3221 656 3295 scient,
673 3218 707 3282 id
732 3218 872 3282 Talnam
897 3225 932 3282 et
953 3216 1113 3281 Plautum
1136 3225 1172 3282 et

129 3322 303 3413 Spongiam
334 3333 370 3391 et
399 3332 526 3391 ceteras
566 3322 757 3387 huiusmodi
789 3321 988 3407 quisquilias
1025 3327 1172 3390 statuere

129 3448 305 3516 numquam
343 3452 415 3495 esse
457 3428 605 3503 factum3
648 3425 708 3492 sed
746 3434 868 3500 tamen,
908 3432 947 3488 ut
982 3433 1016 3489 te
1055 3423 1095 3489 de
1135 3429 1211 3491 rel

31 3608 32 3611 Ἴ
129 3533 255 3616 publica
284 3533 449 3609 consoler,
480 3554 548 3596 non
579 3533 636 3607 ita,
667 3538 708 3594 ut
744 3537 920 3614 sperarunt
957 3528 1035 3592 mali
1075 3536 1169 3592 tanto
1180 3541 1223 3588 101

31 3664 33 3675 κ
128 3635 277 3721 imposito
319 3638 367 3703 rei
410 3636 564 3721 publicae
595 3635 746 3708 vulnere,
777 3632 894 3696 alacris
933 3632 1084 3696 exsultat
1114 3634 1172 3696 im·

31 3728 33 3823 ,¹
129 3741 266 3821 pmbitas
309 3742 345 3804 in
384 3740 525 3805 victoria
547 3779 590 3786 —
612 3759 689 3801 nam
730 3737 828 3821 plane
869 3737 917 3798 ita
954 3743 1171 3820 putaverunt,

31 3856 33 3899 '1
131 3862 199 3907 cum
221 3845 351 3932 religio,
368 3865 446 3909 cum
469 3842 643 3928 pudicitie,
660 3861 737 3904 cum
759 3837 960 3903 iudiciorum
978 3839 1069 3916 fides,
1094 3861 1171 3906 oum
