2800 4367
182 345 222 407 20
437 356 577 405 onx'rro
602 358 640 407 m
664 357 876 407 carloman
899 355 1083 407 susurros.

229 526 425 591 inexilium
449 548 520 591 esse
545 526 737 591 Catilinam.
792 509 893 606 Quod
923 548 986 613 ego
1007 526 1036 589 sl
1060 525 1177 590 verbo
1209 526 1312 589 adse-

229 632 288 715 qui
319 652 458 715 possem,
491 631 571 695 istos
603 632 692 715 ipsos
723 632 874 707 eicerem,
906 632 966 714 qui
996 630 1078 695 haec
1108 631 1310 694 locuntur.

230 734 341 798 Homo
368 734 455 798 enim
482 734 640 799 videlicet
666 734 805 798 timidus
832 736 1020 799 autetiam
1046 734 1310 819 permodestus

191 856 344 904 evocem
368 838 515 904 consulis
542 838 628 903 ferre
656 860 724 901 non
749 840 880 922 potuit3
908 839 1009 902 simul
1039 846 1146 923 atque
1186 840 1245 904 ire
1272 840 1310 902 in

228 943 365 1007 exilium
384 944 492 1007 iussus
509 950 569 1019 est,
587 943 709 1027 paruit,
726 943 800 1007 ivit.
848 943 1017 1007 Hesterno
1032 943 1096 1019 die,
1114 942 1308 1021 Quirites,

228 1068 304 1110 cum
329 1046 418 1109 domi
446 1068 535 1110 meae
563 1068 667 1131 paene
694 1045 894 1112 interfectus
920 1069 1037 1123 essem,
1062 1056 1238 1111 senatum
1269 1049 1307 1111 in

228 1150 343 1215 aedem
361 1151 450 1215 lovis
467 1150 610 1216 Statoris
631 1152 824 1227 convocavi,
849 1174 920 1215 rem
943 1172 1076 1216 ornnem
1099 1150 1143 1213 ad
1168 1160 1306 1235 patres

228 1255 431 1339 conscriptos
463 1254 580 1318 detuli.
628 1254 706 1334 Quo
736 1278 813 1319 cum
844 1255 992 1319 Catilina
1016 1256 1177 1345 venisset,
1213 1257 1306 1341 quis

178 1374 207 1418 10
228 1379 304 1423 eum
320 1366 453 1423 senator
468 1359 661 1443 appellavit,
679 1361 755 1444 quis
771 1360 943 1435 salutavit,
967 1360 1044 1443 quis
1067 1358 1227 1443 denique
1248 1361 1304 1423 ita

228 1463 360 1546 aspexit
386 1470 424 1527 ut
448 1462 616 1547 perditum
642 1464 749 1527 civem
771 1484 809 1527 ac
834 1485 900 1526 non
929 1464 1040 1547 potius
1063 1470 1103 1525 ut
1121 1464 1304 1547 importu-

229 1568 404 1630 nissimum
419 1568 573 1631 hostem?
619 1566 712 1647 Quin
737 1568 837 1631 etiam
857 1567 1028 1651 principes
1052 1568 1125 1630 elus
1150 1567 1301 1632 ordinis

229 1680 359 1755 partem
389 1672 480 1734 illam
512 1670 758 1747 subselliorum,
786 1670 829 1734 ad
859 1692 961 1755 quam
992 1669 1049 1734 ille
1081 1680 1296 1749 accesserat,

180 1778 216 1839 13
230 1774 352 1838 nudam
369 1781 470 1859 atque
496 1758 628 1838 inanem
652 1774 875 1859 reliquerunt.
923 1774 987 1839 Hic
1011 1796 1074 1861 ego
1100 1775 1296 1841 vehemens

178 1893 206 1938 15
229 1879 285 1942 ille
313 1879 438 1954 consul,
468 1880 527 1964 qui
550 1878 650 1943 verbo
676 1879 760 1943 civis
786 1879 982 1942 inexilium
1006 1880 1099 1955 eicio,
1126 1882 1294 1964 quaesivi

228 2004 247 2045 a
278 1982 433 2059 Catilina,
465 1984 500 2046 in
532 1989 696 2047 nocturno
735 1991 905 2047 conventu
936 1982 1027 2067 apud
1060 1983 1106 2046 M.
1139 1983 1292 2048 Laecam

230 2086 350 2151 fuisset
366 2109 478 2151 necue.
526 2086 612 2151 Cum
631 2087 687 2150 ille
704 2087 803 2150 homo
815 2086 1056 2150 audacissimus
1073 2088 1290 2152 conscientia

229 2192 403 2255 convictus
434 2191 540 2275 primo
572 2190 771 2265 reticuisset,
799 2189 944 2273 patefeci
972 2199 1096 2267 cetera3
1130 2190 1214 2275 quid
1239 2215 1289 2257 ea

229 2302 326 2359 nocte
346 2295 478 2380 egisset,
496 2293 579 2379 quid
598 2295 633 2357 in
653 2295 839 2378 proximam
856 2295 1097 2371 constituisset,
1115 2317 1214 2379 quem
1235 2296 1284 2359 ad

177 2414 206 2458 ao
229 2398 363 2462 modum
395 2406 485 2463 esset
514 2400 545 2463 ei
576 2400 661 2462 ratio
693 2398 798 2462 totius
829 2397 908 2462 belli
944 2399 1120 2483 descripta,
1148 2399 1279 2465 edocui.

230 2502 316 2567 Cum
333 2503 519 2578 haesitaret,
535 2524 611 2566 cum
629 2510 809 2578 teneretur,
828 2504 989 2587 quaesivi,
1010 2503 1094 2588 qnid
1110 2503 1281 2569 dubitaret

229 2607 391 2691 proficisci
415 2629 465 2682 ec,
483 2628 550 2691 quo
574 2607 638 2670 iam
666 2606 796 2691 pridem
823 2615 963 2691 pararet,
982 2630 1057 2673 cum
1081 2630 1279 2686 annaeum

228 2733 369 2788 secures
397 2734 473 2776 cum
502 2710 619 2788 fascea,
647 2734 725 2776 cum
753 2712 860 2788 tubas,
890 2735 968 2777 cum
991 2714 1088 2799 signa
1113 2715 1277 2790 militaria,

178 2830 206 2874 24
229 2837 304 2879 cum
320 2816 467 2900 aquilam
483 2817 572 2879 illam
590 2823 794 2903 argenteam,
817 2818 872 2881 cui
897 2818 953 2881 ille
975 2819 1074 2881 etiarn
1098 2820 1278 2881 sacrarium

180 2921 217 2982 14
229 2919 318 2983 domi
334 2941 412 2984 suae
429 2920 563 2997 iecerat,
580 2922 698 2986 scirem
716 2944 786 2986 esse
805 2922 1027 3006 praemissam,
1073 2922 1114 2984 lu
1137 2923 1275 2986 exilium

229 3024 394 3100 eiciebam,
411 3047 511 3109 quem
528 3027 591 3088 iam
609 3027 797 3112 ingressum
813 3048 884 3091 esse
901 3027 935 3089 in
959 3026 1086 3090 bellom
1102 3025 1279 3089 videbam?

230 3127 376 3205 Etenim,
416 3129 523 3205 cred0,
563 3127 712 3194 Manlius
746 3132 810 3194 iste
849 3131 1012 3206 centurie,
1050 3130 1110 3213 qui
1137 3131 1172 3191 iu
1198 3150 1278 3214 agro

230 3232 416 3297 Faesulano
443 3242 549 3299 castra
580 3236 704 3317 posuit,
733 3232 858 3297 bellum
885 3234 1009 3316 populo
1038 3234 1187 3296 Romano
1216 3253 1277 3295 suo

230 3338 362 3401 nomine
378 3337 511 3414 indixit,
529 3345 564 3401 et
578 3338 637 3401 illa
653 3344 763 3403 castra
777 3357 866 3399 nune
882 3357 949 3399 non
966 3334 1146 3397 Catilinam
1158 3333 1276 3395 ducem

179 3455 207 3499 30
230 3448 419 3525 expectant,
442 3449 477 3505 et
494 3439 551 3504 ille
576 3441 703 3505 eiectus
727 3440 763 3501 in
789 3439 928 3503 exilium
956 3460 991 3501 se
1017 3435 1210 3509 Massiliam,
1238 3441 1277 3496 ut

230 3547 336 3621 aiunt,
354 3566 420 3607 uon
436 3545 471 3607 in
487 3544 568 3607 haec
585 3551 693 3607 castra
709 3541 869 3606 conferet.

274 3666 335 3713 Vn.
363 3648 394 3713 Ο
419 3647 649 3712 condicionem
673 3648 826 3710 miseram
843 3668 911 3709 non
927 3640 1024 3708 modo
1045 3642 1277 3707 administran-

232 3755 304 3831 dae,
321 3775 437 3817 verum
454 3754 553 3817 etiam
570 3751 816 3817 conservandae
832 3752 880 3815 rei
903 3748 1078 3837 publicae!
1125 3748 1225 3811 Nune
1248 3748 1275 3811 si

232 3858 269 3923 L.
295 3857 442 3922 Catilina
465 3858 623 3935 consiliis,
647 3856 828 3933 laboribus,
852 3857 1010 3943 periculis
1034 3856 1115 3922 meis
1139 3855 1276 3921 circum-
