2800 4367
204 373 268 439 118
556 385 630 436 rao
648 383 678 436 r.
703 381 824 437 sunta
847 381 995 435 onnrlo.

203 562 240 624 ⁵1
297 557 348 620 At
362 567 496 620 accusat
513 557 551 620 (Ἃ
569 555 704 619 Corneli
721 554 820 631 filius,
837 561 873 618 et
888 552 922 616 id
938 573 1045 639 aeque
1062 552 1168 618 valere
1186 551 1282 628 debet,

256 683 293 726 ao
309 661 337 725 si
353 670 449 745 pater
464 659 637 724 indicaret.
684 657 715 722 O
736 665 863 743 patrem
888 656 1083 721 Cornelium
1105 657 1284 740 sapientem,

247 743 326 850 'qui,
343 763 435 849 quod
447 763 584 848 praemii
600 762 687 827 solet
705 783 776 826 csse
801 761 834 825 in
859 760 993 837 indicio,
1010 761 1191 845 reliquerit,
1206 757 1285 845 quod

204 884 233 930 15
255 868 476 954 turpitudinis
506 869 542 931 in
569 865 789 941 confessione,
818 863 852 928 id
879 886 940 950 per
965 865 1210 928 accusationem
1232 863 1286 926 filii

255 971 460 1058 susceperit!
506 970 573 1035 Sed
600 969 684 1055 quid
712 976 765 1034 est
790 967 937 1045 tandem,
965 967 1057 1053 quod
1088 967 1212 1032 indicat
1235 989 1287 1052 per

242 1079 359 1166 ‘istum
376 1098 516 1161 puerum
535 1074 739 1139 Cornelius?
784 1072 819 1137 Si
844 1081 959 1138 vetera
981 1073 1064 1136 mihi
1087 1073 1201 1158 ignota
1222 1093 1288 1135 cum

259 1181 442 1246 Hortensio
466 1181 722 1254 communicata,
739 1176 914 1262 respondit
937 1176 1162 1251 Hortensius3
1185 1177 1239 1250 sin,
1256 1181 1289 1237 ut

256 1287 314 1361 ais,
332 1285 427 1347 illum
445 1293 602 1348 conatum
621 1283 768 1346 Autroni
784 1289 819 1346 et
839 1281 1015 1357 Catilinae,
1028 1299 1105 1344 cum
1129 1280 1164 1342 in
1187 1299 1289 1362 campo

203 1404 233 1448 ao
254 1388 485 1453 consularibus
511 1388 667 1462 comitiis,
685 1407 771 1472 quae
798 1407 818 1448 a
846 1407 897 1449 me
926 1384 1039 1448 habita
1061 1391 1153 1460 sunt,
1169 1381 1290 1447 caedem

256 1492 362 1556 facere
391 1493 583 1568 voluerunt,
610 1491 818 1555 Autronium
846 1497 919 1552 tum
946 1491 979 1552 in
1006 1509 1123 1574 campo
1148 1486 1291 1560 vidimus

256 1595 315 1660 sed
340 1595 422 1680 qnid
447 1596 518 1658 dixi
541 1594 666 1659 vidisse
689 1595 776 1658 nos?
807 1615 870 1680 ego
894 1593 985 1668 vidi;
1015 1615 1075 1658 vos
1101 1593 1190 1657 enim
1216 1599 1291 1665 tum,

258 1698 396 1774 iudices,
427 1700 512 1762 nihil
550 1697 749 1763 laborabatis
789 1719 899 1783 neque
938 1696 1207 1781 suspicabamini,
1235 1715 1292 1780 ego

257 1811 368 1869 tectus
410 1803 574 1889 praesidio
604 1803 699 1866 firmo
730 1804 912 1866 amicorum
951 1801 1119 1865 Catilinae
1159 1808 1227 1864 tum
1262 1806 1294 1862 et

203 1912 243 1974 52
256 1910 402 1972 Autroni
427 1910 538 1992 copias
564 1915 599 1972 et
628 1915 788 1972 conatum
820 1907 972 1990 repressi.
1020 1905 1112 1968 Num
1143 1905 1217 1990 quis
1246 1911 1294 1967 est

203 2029 232 2072 ao
255 2015 368 2099 igitur,
397 2015 456 2098 qui
484 2021 557 2078 tum
585 2013 677 2077 dicat
703 2014 737 2075 in
766 2033 919 2096 canipum
955 2012 1117 2094 aspirasse
1149 2007 1293 2074 Sullam?

256 2118 376 2203 Atqui,
393 2119 422 2181 si
450 2126 523 2182 tum
550 2139 684 2182 secum
710 2116 859 2180 Catilina
884 2116 1047 2181 societate
1070 2115 1206 2180 sceleris
1226 2135 1295 2178 oon·

256 2223 421 2297 iunxerat,
439 2244 499 2286 cur
514 2221 556 2286 ab
577 2244 617 2286 eo
639 2219 842 2296 discedebat,
859 2241 920 2284 cur
942 2242 1020 2285 cum
1043 2220 1212 2283 Autronio
1232 2239 1295 2281 non

256 2335 336 2402 erat,
353 2327 463 2390 curin
479 2327 550 2409 pari
567 2347 669 2389 cansa
684 2347 752 2388 non
775 2326 868 2409 paria
891 2325 989 2410 signa
1011 2325 1162 2388 criminis
1186 2321 1296 2407 reperi-

202 2431 383 2493 ³⁰1111tnr?
428 2428 494 2493 Sed
525 2431 684 2514 quoniam
712 2428 890 2493 Cornelius
918 2430 988 2512 ipse
1016 2430 1115 2493 etiam
1145 2449 1232 2491 nnnc
1258 2425 1296 2488 do

255 2533 434 2597 indicando
450 2533 594 2609 dubitat,
614 2543 651 2598 nt
667 2534 788 2608 dicitis,
807 2533 967 2598 informat
982 2533 1024 2598 ad
1044 2533 1106 2598 hoc
1130 2531 1296 2596 adumbra-

256 2646 328 2701 tum
351 2639 512 2703 indicium
536 2639 654 2713 filium,
678 2637 762 2721 quid
785 2638 922 2701 tandem
945 2637 986 2702 de
1008 2638 1067 2701 illa
1089 2645 1187 2700 nocte
1209 2636 1295 2708 dicit,

256 2764 331 2806 cum
348 2745 436 2807 inter
457 2741 611 2806 falcarios
634 2741 677 2804 ad
701 2741 748 2804 M.
768 2741 908 2806 Laecam
931 2749 1029 2806 nocte
1052 2763 1103 2817 ea,
1119 2762 1204 2825 quae
1227 2761 1296 2804 con-

255 2856 371 2911 secuta
398 2855 451 2913 est
472 2832 647 2930 ‘posterum
671 2845 759 2909 diem
784 2845 956 2909 Nonarum
984 2845 1224 2910 Novembrium
1247 2865 1295 2906 me

203 2969 233 3015 35
255 2951 403 3027 consule,
432 2949 596 3014 Catilinae
628 2950 885 3014 denuntiatione
914 2949 1096 3014 convenit?
1121 2971 1206 3033 quae
1233 2968 1295 3011 nox

255 3056 404 3118 omnium
433 3062 621 3138 temporum
652 3055 892 3118 coniurationis
920 3055 1079 3118 acerrima
1104 3051 1174 3116 fuit
1199 3059 1296 3136 atque

255 3160 476 3223 acerbissima.
523 3159 611 3222 Tum
629 3158 795 3222 Catilinae
813 3158 884 3222 dies
907 3157 1065 3235 exeundi,
1083 3165 1156 3221 tum
1180 3157 1295 3221 ceteris

254 3261 412 3326 manendi
442 3261 605 3339 condicio
637 3270 711 3325 tum
743 3262 918 3347 discriptio
948 3267 1054 3326 totam
1088 3283 1148 3346 per
1185 3260 1296 3324 urbem

255 3367 366 3431 caedis
397 3374 500 3450 atque
531 3367 762 3432 incendiorum
794 3356 1191 3440 constitutaieststum
1221 3371 1296 3427 tuus

202 3489 233 3534 so
253 3478 357 3555 pater,
388 3470 535 3547 Corneli,
564 3471 599 3534 id
627 3471 717 3557 quod
746 3459 894 3534 tandem
910 3457 1092 3555 aliquando
1111 3468 1296 3540 confitetur,

254 3576 349 3638 illam
376 3575 440 3638 sibi
468 3574 647 3639 officiosam
680 3576 885 3660 provinciam
917 3574 1126 3659 depoposcit,
1149 3563 1199 3649 ut,
1224 3591 1295 3636 cum

255 3680 361 3764 prima
377 3679 452 3742 luce
470 3681 642 3744 consulem
665 3681 850 3744 salutatum
875 3681 1014 3755 veniret,
1031 3679 1243 3741 intromissus
1266 3681 1295 3740 et

255 3805 330 3848 meo
346 3805 436 3848 more
453 3791 488 3847 et
502 3785 574 3848 iure
590 3786 755 3849 amicitiae
769 3786 868 3849 mein
882 3807 955 3848 meo
967 3783 1093 3847 lectulo
1106 3781 1293 3846 trucidaret.

203 3893 334 3954 53xrx.
380 3887 457 3950 Hoc
484 3895 643 3970 tempore,
660 3910 739 3950 cum
765 3889 896 3951 arderet
921 3888 1080 3952 acerrime
1105 3885 1293 3958 coniuratio,
