2800 4367
515 324 595 375 car.
621 325 708 387 13-15,
733 326 747 387 ς
769 326 857 376 aaa.
1105 295 1109 306 ’
1213 316 1256 377 43

199 498 330 563 Verum
346 498 428 564 haec
446 499 530 565 Cato
550 502 692 566 nimium
717 523 778 565 nos
803 501 926 566 nostris
950 501 1060 567 verbis
1084 523 1205 589 magna
1216 506 1254 567 31

154 600 266 667 facere
299 602 509 668 demonstrat
539 612 573 669 et
597 605 718 669 oblitos
745 627 816 670 esse
841 605 968 669 bellum
994 604 1080 669 illud
1107 628 1204 671 omne

156 706 427 772 Mithridaticum
458 729 534 771 cum
567 710 772 773 mulierculis
804 731 876 774 esse
912 698 1057 795 gestum.
1104 710 1256 789 Quadra

154 832 217 897 ego
233 812 334 898 longe
365 832 462 876 secus
494 813 661 889 existimo,
693 812 840 888 iudices3
880 812 989 897 deque
1021 834 1060 877 eo
1098 834 1205 896 pauca

154 914 333 990 disseram3
357 937 467 1001 neque
491 918 578 981 enim
602 937 703 981 causa
727 918 762 980 in
785 916 847 980 hoc
869 917 1072 981 continetur.
1118 916 1205 981 Nam

152 1021 182 1083 si
208 1021 319 1084 omnia
345 1020 442 1097 bella,
476 1042 562 1105 quac
590 1042 668 1084 cum
694 1019 832 1084 Graecis
856 1022 1032 1106 gessimus,
1061 1029 1206 1085 contem-

154 1124 264 1188 nenda
279 1132 370 1199 sunt,
388 1124 579 1189 derideatur
600 1124 641 1189 de
665 1146 743 1210 rege
766 1124 897 1210 Pyrrho
921 1125 1113 1210 triumphus
1143 1125 1202 1188 Μ’.

154 1227 247 1304 Curi,
264 1228 304 1291 de
321 1228 481 1312 Philippo
498 1229 538 1291 T.
552 1228 745 1303 Flaminini,
763 1228 804 1292 de
821 1228 954 1293 Aetolis
972 1229 1019 1292 M.
1033 1229 1145 1304 Fulvi,
1162 1228 1203 1293 de
1226 1244 1256 1288 ³0

152 1353 230 1417 rege
261 1331 362 1396 Perse
395 1331 432 1394 L.
464 1331 574 1407 Pauli,
606 1331 646 1395 de
674 1331 964 1417 Pseudophilippo
989 1332 1030 1411 Q.
1060 1332 1201 1409 Metelli,

152 1436 194 1499 de
224 1435 409 1501 Corinthiis
433 1436 471 1499 L.
498 1436 650 1500 Mummi.
699 1436 760 1500 Sin
790 1437 871 1502 haec
895 1438 983 1502 bella
1004 1413 1203 1524 gravissima

152 1541 380 1625 victoriaeque
409 1562 524 1605 eorum
548 1540 718 1605 'bellorum
743 1542 944 1606 clarissimae
969 1541 1119 1619 fuerunt,
1143 1564 1203 1606 cur

152 1644 323 1708 Asiaticae
340 1646 494 1708 nationes
510 1652 612 1728 atque
637 1645 694 1708 illc
720 1665 740 1707 a
765 1653 798 1709 te
824 1645 929 1710 hostis
952 1647 1202 1710 contemnitur?
1283 1696 1286 1702 .

152 1748 261 1832 Atqui
290 1770 332 1811 ex
359 1756 512 1811 veterum
538 1769 648 1811 rerum
680 1750 907 1813 monumentis
939 1750 997 1838 vel
1017 1751 1201 1813 maximum
1224 1766 1254 1810 aa

151 1851 276 1916 bellum
308 1852 472 1935 populum
504 1852 694 1915 Romanum
734 1874 812 1916 cum
850 1853 1021 1921 Antiocho
1059 1856 1200 1939 gessisse

151 1955 269 2032 vide03
293 1958 389 2020 cuius
406 1956 485 2020 belli
502 1956 610 2020 victor
625 1954 663 2018 L.
681 1955 794 2039 Scipio
810 1976 919 2041 aequa
943 1965 1038 2039 parta
1061 1978 1138 2020 cum
1160 1958 1200 2020 P.

150 2060 253 2125 fratre
270 2061 388 2147 gloria,
405 2080 507 2144 quam
523 2058 659 2124 laudem
676 2060 733 2123 ille
757 2058 877 2124 Africa
901 2082 1058 2145 oppressa
1082 2083 1201 2147 cogno

150 2166 238 2229 mine
261 2166 334 2249 ipso
357 2185 435 2248 prae
459 2186 494 2228 se
521 2162 661 2239 ferebat,
686 2162 827 2228 eandem
850 2164 904 2228 hic
929 2164 993 2228 sibi
1025 2187 1067 2229 ex
1099 2168 1200 2230 Asiae
1223 2183 1252 2227 39

149 2270 284 2333 nomine
300 2268 497 2351 adsumpsit.
544 2266 621 2347 Quo
638 2266 778 2351 quidem
795 2268 829 2330 in
845 2268 934 2334 bello
951 2269 1059 2333 virtus
1076 2270 1200 2334 enituit
1211 2273 1252 2335 32
1330 2279 1333 2283 ’

149 2374 284 2460 egregia
301 2372 348 2436 Μ.
366 2371 514 2448 CatoniS,
530 2373 648 2457 proavi
664 2373 733 2446 tui3
756 2393 825 2456 quo
846 2372 914 2447 ille,
939 2394 1016 2435 cum
1039 2380 1136 2449 esset,
1161 2382 1201 2436 ut
1322 2432 1326 2437 .

149 2498 212 2563 ego
228 2476 310 2539 mihi
326 2483 450 2551 statue,
467 2476 556 2551 talis,
573 2476 709 2560 qualem
728 2482 762 2539 te
786 2497 858 2540 esse
880 2475 989 2552 videa,
1013 2497 1198 2561 numquam

148 2588 237 2645 esset
259 2578 440 2665 profectus,
456 2580 484 2643 si
504 2601 581 2643 cum
610 2580 822 2643 mulierculis
846 2578 1041 2643 bellandum
1065 2580 1200 2645 arbitra-

148 2692 252 2749 retur.
298 2683 417 2768 Neque
434 2704 606 2748 varocum
623 2682 662 2745 P.
681 2682 844 2747 Africano
860 2690 997 2747 senatus
1011 2686 1145 2769 egisset,
1158 2693 1198 2748 ut

147 2789 280 2875 legatus
316 2786 414 2851 fratri
452 2787 730 2871 proficisceretur,
762 2808 840 2851 cum
880 2787 950 2870 ipse
981 2788 1083 2871 paulo
1119 2796 1197 2852 aute
1221 2805 1250 2849 45

147 2891 339 2955 Hannibale
363 2913 406 2955 ex
429 2890 529 2954 Italia
553 2891 707 2976 expulso,
723 2912 766 2955 ex
790 2889 908 2955 Africa
929 2892 1046 2967 eiecta,
1063 2891 1200 2978 Cartha·

146 2998 224 3083 gine
256 3016 413 3079 oppressa
443 2996 596 3059 maximis
627 2995 786 3081 periculis
818 3016 889 3060 rem
918 2995 1088 3080 publicam
1120 2996 1198 3061 libe-

147 3108 263 3177 rasset,
281 3101 347 3165 nisi
372 3098 459 3163 illud
479 3120 580 3185 grave
605 3096 733 3165 bellum
757 3107 792 3164 et
807 3099 987 3165 vehemens
1010 3107 1195 3185 putaretur.

147 3221 208 3269 xv.
233 3204 344 3289 Atqui
353 3204 382 3269 si
392 3203 582 3289 diligenter,
591 3202 675 3287 quid
686 3203 902 3269 Mithridates
913 3206 1061 3289 potuerit
1070 3212 1106 3269 et
1115 3204 1199 3290 quid

147 3307 297 3373 effecerit
319 3315 354 3373 et
376 3308 436 3392 qui
459 3308 512 3373 vir
539 3306 653 3384 fuerit,
678 3306 909 3383 considerarim
935 3307 1090 3373 omnibus
1114 3310 1198 3395 regi-

146 3411 219 3488 bus,
242 3410 444 3496 quibuscum
468 3412 614 3497 populus
636 3412 809 3477 Romanus
828 3411 957 3477 bellum
975 3413 1090 3499 gessit,
1107 3412 1195 3477 bunc

146 3538 259 3603 regem
290 3516 448 3580 nimirum
478 3517 674 3601 antipones3
709 3538 811 3602 quem
843 3516 881 3580 L.
917 3514 1013 3581 Sulla
1050 3518 1196 3581 maximo

145 3627 181 3684 et
195 3619 378 3685 fortissimo
395 3621 556 3697 exercitu,
572 3642 711 3707 pugnax
728 3628 763 3685 et
777 3642 853 3685 acer
873 3628 910 3685 et
931 3643 999 3685 non
1021 3620 1114 3685 rudis
1139 3622 1197 3684 im·
1231 3636 1248 3681 a
1319 3622 1322 3631 '

145 3732 287 3808 perator,
304 3732 345 3787 ut
359 3722 452 3788 aliud
468 3724 552 3787 nihil
568 3724 686 3801 dicam,
704 3747 782 3789 cum
797 3724 886 3789 bello
903 3725 1075 3789 invectum
1091 3731 1196 3788 totam

145 3827 180 3891 in
204 3828 321 3892 Asiam
346 3849 526 3913 cumpace
553 3827 700 3903 dimisit3
727 3850 829 3914 quem
858 3828 896 3891 L.
925 3827 1079 3904 Murena,
1102 3835 1197 3913 pater

1384 3207 1386 3302 l
