2800 4367
184 315 249 383 120
520 326 591 380 rao
615 326 646 379 r.
670 326 795 381 sunna
818 326 967 382 onemo.

183 506 224 568 56
279 520 342 567 xx.
389 503 439 566 At
454 503 544 566 enim
559 500 682 567 Sittius
697 509 751 566 est
765 501 807 566 ab
822 502 885 567 hoc
901 503 937 566 in
952 501 1148 569 ulteriorem
1164 498 1278 591 Hispa-

236 609 326 672 niam
342 608 473 682 missuS,
491 614 530 670 ut
545 628 618 670 eam
633 607 841 691 provinciam
864 605 1084 691 perturbaret.
1131 604 1278 671 Primum

237 711 369 787 Sittius,
386 710 524 787 iudices,
542 710 580 773 L.
597 711 686 774 lulio
703 710 742 775 O.
760 710 882 797 Figulo
898 709 1094 776 consulibus
1110 710 1279 795 proiectus

237 823 289 880 est
310 816 484 900 aliquanto
506 822 584 879 ante
616 813 765 880 furorem
796 813 961 879 Catilinae
993 823 1029 878 et
1058 814 1281 899 suspicionem

197 916 336 983 obuius
367 908 627 994 coniurationis3
666 917 788 983 deinde
819 925 872 983 est
900 915 1072 1003 proiectus
1112 940 1180 982 non
1211 927 1281 984 tum

238 1023 392 1108 primum,
408 1022 468 1087 sed
484 1045 560 1087 oum
578 1023 614 1085 in
633 1021 740 1086 isdem
763 1022 845 1086 locis
869 1022 1043 1107 aliquanto
1065 1029 1144 1087 ante
1168 1023 1282 1088 eadem

236 1124 277 1191 dc
306 1148 405 1191 causa
431 1128 562 1211 aliquot
587 1147 693 1190 annos
718 1124 849 1200 fuisset,
877 1146 915 1190 ac
942 1125 1114 1211 proiectus
1141 1133 1282 1192 estnon

236 1230 334 1295 modo
363 1231 405 1296 ob
431 1219 576 1306 causam,
603 1229 663 1295 sed
689 1231 791 1294 etiem
821 1228 864 1293 ob
893 1231 1112 1295 necessariam
1139 1251 1281 1308 causam,

237 1356 357 1421 magna
372 1334 500 1398 ratione
517 1356 594 1398 oum
618 1333 842 1398 Mauritaniae
865 1356 943 1421 rege
967 1342 1147 1400 contracta.
1196 1336 1282 1399 Tum

184 1458 215 1504 10
234 1447 357 1516 autem,
388 1440 447 1503 illo
477 1437 639 1523 profecto,
670 1436 765 1502 Sulla
795 1446 994 1535 procurante
1032 1439 1104 1504 eius
1142 1461 1212 1503 rem
1250 1448 1283 1504 et

235 1550 371 1628 gerente
394 1543 548 1627 plurimis
570 1550 605 1608 et
626 1542 859 1628 pulcherrimis
879 1542 918 1605 P.
936 1542 1015 1607 Sitti
1039 1542 1183 1627 praediis
1208 1566 1283 1608 ven·

236 1644 316 1711 ditis
346 1668 402 1711 aes
432 1647 581 1711 alienum
612 1646 762 1712 eiusdem
792 1655 844 1711 est
873 1645 1087 1723 dissolutum,
1118 1654 1168 1723 ut,
1197 1669 1281 1732 quae

238 1770 338 1814 causa
358 1758 485 1815 ceteros
508 1750 551 1814 ad
574 1749 706 1815 facinus
730 1751 874 1835 impulit,
898 1750 1063 1834 cupiditas
1087 1751 1280 1815 retinendae

236 1854 463 1938 possessionis,
494 1875 533 1918 ea
564 1853 665 1919 Sittio
692 1875 760 1917 non
786 1852 891 1918 iuerit
916 1853 1060 1938 praediis
1087 1852 1280 1919 deminutis.

183 1960 222 2023 57
235 1957 307 2021 Iam
322 1979 402 2022 vero
430 1957 515 2021 illud
543 1979 644 2042 quam
671 1942 877 2033 incredibile,
896 1956 997 2041 quarn
1012 1956 1206 2035 absurdum,
1223 1960 1281 2044 qui

184 2077 213 2121 16
235 2061 359 2125 Romae
397 2060 532 2126 caedem
569 2060 688 2137 facere,
720 2062 779 2145 qui
815 2060 900 2125 hanc
931 2060 1048 2125 urbem
1078 2060 1280 2127 inflammare

236 2164 350 2240 vellet,
378 2186 455 2229 eum
481 2163 779 2228 familiarissimum
805 2186 903 2228 suurn
932 2163 1101 2230 dimittere
1125 2164 1167 2229 ab
1190 2188 1226 2231 se
1250 2173 1283 2231 et

236 2267 411 2332 amandare
427 2270 463 2331 in
480 2268 615 2332 ultimas
632 2266 758 2332 terras!
794 2267 920 2352 Utrum
932 2290 1000 2353 quo
1012 2266 1145 2333 facilius
1158 2270 1282 2337 Romae

236 2394 283 2450 ea,
307 2393 402 2461 quae·
420 2372 613 2449 conabatur,
641 2370 797 2448 efficeret,
818 2372 846 2435 si
866 2370 1086 2460 inHispania
1110 2372 1283 2437 turbatum

182 2495 213 2541 ao
234 2477 346 2542 esset‘>
393 2477 443 2540 At
458 2477 538 2540 haec
555 2477 627 2561 ipsa
642 2498 702 2561 per
717 2498 751 2541 se
768 2476 839 2540 sine
863 2476 933 2539 ulla
945 2466 947 2471 ¹
958 2475 1193 2541 coniunctione
1210 2499 1284 2564 age·

235 2580 366 2644 bantur.
414 2580 470 2643 An
501 2580 536 2642 in
560 2581 663 2644 tantis
686 2580 798 2657 rebus,
818 2588 887 2644 tarn
911 2580 1007 2644 novis
1031 2580 1190 2657 consiliis,
1214 2589 1282 2645 tam

235 2685 442 2769 periculosis,
452 2692 520 2748 tam
536 2683 741 2749 turbulentis
758 2684 926 2748 hominem
939 2683 1206 2747 amantissimum
1218 2686 1281 2760 sui,

234 2786 539 2866 familiarissimum,
557 2789 869 2853 coniunctissimum
886 2786 1013 2864 officiis,
1027 2787 1281 2864 consuetudine,

239 2914 303 2956 usu
326 2892 563 2958 dimittendum
580 2914 651 2957 esse
674 2892 924 2956 arbitrabatur?
975 2890 1059 2956 Veri
1082 2892 1190 2956 simile
1214 2914 1282 2957 non

181 3012 211 3055 rs
234 3004 295 3072 est,
320 3004 368 3074 ut,
391 3018 492 3081 quem
514 2997 548 3060 in
571 2996 728 3062 secundis
751 2996 860 3072 rebus,
884 3018 985 3080 quem
1007 2996 1043 3060 in
1065 2996 1133 3061 otio
1151 3018 1283 3082 semper
1378 2976 1379 3017 ³

234 3121 347 3164 secum
377 3099 557 3179 habuisset,
581 3101 670 3166 hunc
703 3102 738 3164 in
761 3100 909 3166 adversis
938 3108 972 3165 et
998 3100 1031 3163 in
1056 3121 1095 3164 eo
1118 3102 1282 3176 tumultu,

182 3205 333 3287 58quem
360 3205 429 3289 ipse
454 3206 673 3291 comparabat,
691 3205 733 3270 ab
760 3227 795 3269 se
823 3204 1018 3269 dimitteret.
1064 3204 1141 3288 Ipse
1168 3213 1282 3270 autem

235 3305 355 3372 Sittius
390 3312 476 3393 (non
507 3311 595 3375 enim
626 3308 707 3371 mihi
739 3306 922 3372 deserenda
960 3315 1013 3371 est
1050 3328 1149 3372 causa
1182 3309 1281 3373 amici

235 3413 358 3477 veteris
373 3421 474 3498 atque
490 3414 651 3498 hospitis)
670 3415 697 3476 is
713 3411 812 3475 homo
828 3421 880 3476 est
895 3419 955 3475 aut
967 3433 1006 3476 ea
1018 3410 1146 3475 familia
1161 3433 1199 3477 ac
1217 3412 1283 3477 dis-

182 3534 212 3579 eo
233 3515 366 3599 ciplina,
383 3527 423 3582 ut
437 3518 499 3582 hoc
516 3517 604 3582 credi
621 3517 737 3600 possit,
754 3537 831 3581 curn
846 3515 971 3580 bellum
987 3515 1112 3600 populo
1129 3516 1282 3581 Romano

234 3617 343 3684 iacere
367 3622 538 3685 voluisse?
561 3628 610 3695 ut,
632 3621 728 3684 cuius
753 3627 857 3704 pater,
874 3641 950 3684 curn
973 3620 1074 3683 ceteri
1098 3619 1283 3687 deficerent

234 3721 369 3786 finitimi
391 3746 428 3788 ac
452 3725 565 3798 vicini,
588 3723 751 3808 singulari
775 3724 927 3787 extiterit
948 3723 982 3785 in
1013 3712 1081 3786 rerir
1108 3724 1280 3808 publicam

236 3832 383 3889 nostram
406 3825 513 3890 officio
535 3833 569 3889 et
590 3825 665 3899 fide,
689 3826 717 3887 is
739 3824 801 3888 sibi
825 3824 989 3888 nefarium
1011 3824 1139 3889 bellum
1162 3835 1282 3893 contra
