2800 4367
381 1046 432 1118 Μ.
470 1045 622 1117 TULLI
658 1045 921 1119 CICERONIS

187 1260 405 1344 ORATIO
438 1261 503 1341 IN
535 1261 865 1343 CATILINAM
905 1260 1117 1341 TERTIA

465 1518 469 1524 ·
500 1489 561 1547 AD
592 1488 816 1548 POPULUM.

170 1934 194 1980 Ι.
228 1918 309 1981 Rem
334 1916 512 2001 publicam,
538 1916 697 1995 Quirites,
723 1917 895 2000 vitamque
925 1916 1074 1979 omnium
1102 1920 1204 1980 ves-l

120 2028 227 2097 trum,
244 2021 338 2097 bona,
356 2021 519 2097 fortunas,
537 2023 697 2106 coniuges
714 2020 905 2103 liberosque
923 2027 1051 2084 vestros
1070 2027 1173 2103 atque

120 2124 187 2189 hoc
205 2124 409 2189 domicilium
427 2126 613 2189 clarissumi
630 2125 771 2208 imperii,
785 2123 1085 2187 fortunatissimam
1102 2125 1175 2207 pul-

121 2229 389 2313 cherrimamque
403 2230 529 2305 urbem,
547 2228 708 2292 hodierno
725 2228 778 2291 die
792 2227 930 2291 deorum
943 2228 1171 2290 inmortalium

120 2354 256 2397 summo
287 2356 366 2419 erga
393 2355 452 2398 vos
477 2354 596 2408 amore,
630 2331 808 2406 laboribus,
835 2332 991 2407 consiliis,
1017 2332 1174 2414 periculis
1210 2347 1226 2391 5

121 2438 207 2501 meis
238 2460 255 2500 e
283 2436 414 2500 flamma
437 2445 539 2521 atque
564 2435 650 2501 ferro
674 2457 711 2499 ac
735 2457 840 2519 paene
864 2457 907 2499 ex
931 2434 1087 2499 faucibus
1110 2434 1172 2498 fati

120 2550 272 2625 ereptam
304 2550 340 2605 et
369 2542 468 2607 vobis
495 2548 725 2606 conservatam
754 2561 791 2603 ac
823 2541 1014 2604 restitutam
1040 2538 1171 2603 videtis.

122 2645 172 2708 Et
186 2646 215 2709 si
239 2668 305 2709 non
329 2647 441 2710 minus
458 2646 552 2710 nobis
577 2644 717 2709 iucundi
741 2653 843 2729 atque
860 2646 1019 2708 inlustres
1043 2650 1126 2707 sunt
1148 2644 1171 2706 ii
1194 2648 1214 2708 2

120 2748 209 2839 dice,
230 2749 352 2833 quibus
378 2772 623 2827 conservamur,
642 2771 742 2834 quam
767 2750 827 2824 illi,
845 2748 967 2833 quibus
992 2750 1170 2823 nascimur,

120 2852 215 2937 quod
241 2853 360 2917 salutis
391 2862 481 2918 certa
504 2854 633 2917 laetitia
663 2860 727 2929 est,
752 2852 909 2917 nascendi
941 2855 1068 2916 incerta
1098 2866 1226 2915 con-10

119 2957 220 3034 dici0,
252 2965 286 3022 et
318 2957 409 3041 quod
439 2959 511 3023 sine
543 2980 643 3023 sensu
675 2958 855 3032 nascimur,
888 2978 963 3019 cum
996 2957 1169 3039 voluptate

119 3084 305 3139 servamur,
336 3062 498 3147 profect0,
530 3063 689 3146 quoniam
720 3062 828 3136 illum,
861 3063 920 3145 qui
936 3062 1022 3123 hanc
1055 3059 1167 3123 urbem

121 3165 284 3241 condidit,
316 3164 358 3228 ad
399 3166 479 3231 deos
519 3166 705 3229 inmortalis
744 3165 972 3229 benivolentia
1015 3163 1171 3247 famaque

118 3270 330 3347 sustulimus
348 3292 419 3335 esse
436 3270 526 3355 apud
543 3292 602 3336 vos
619 3278 837 3354 posterosque
853 3277 979 3333 vestros
996 3269 1030 3330 in
1047 3267 1171 3331 honore

119 3372 258 3438 debebit
287 3374 324 3450 io,
357 3375 416 3458 qui
448 3374 588 3438 eandem
612 3374 697 3437 hanc
722 3373 836 3437 urbem
863 3372 1032 3437 conditam
1057 3371 1222 3455 ampli-15

119 3477 321 3562 ficatamque
345 3480 503 3542 servavit.
551 3478 636 3541 Nam
661 3478 725 3541 toti
748 3476 831 3552 urbi,
851 3477 995 3560 templis,
1013 3474 1171 3550 delubris,
1203 3558 1205 3563 Α
1279 3469 1283 3479 ’

119 3583 219 3645 tectis
244 3603 282 3646 ac
307 3581 481 3646 moenibus
500 3581 673 3647 ‘subiectos
699 3603 801 3666 prope
830 3581 896 3643 iam
923 3581 1009 3665 ignis
1034 3580 1171 3642 circum-

119 3684 283 3769 datosque
301 3670 528 3762 restinximus,
546 3686 703 3770 idemque
719 3684 848 3771 gladios
865 3686 899 3746 in
918 3706 985 3747 rem
1003 3683 1171 3766 publicam

119 3776 296 3853 destrictos
328 3790 531 3855 rettudimus
563 3810 806 3873 mucronesque
837 3810 952 3852 eorum
990 3809 1009 3849 a
1046 3785 1171 3871 iugulis

120 3894 241 3957 vestris
258 3894 452 3959 deiecimus.
499 3895 594 3974 Quae
612 3895 769 3978 quoniam
786 3894 821 3954 in
837 3899 958 3955 senatu
982 3891 1170 3963 inlustrata,
1187 3890 1207 3951 3

635 3997 665 4049 '11
