2800 4367
504 323 585 381 cnr.
609 324 667 393 05,
691 331 706 393 s
728 326 800 382 010.
1174 317 1216 384 89

99 522 263 588 poenam,
274 525 360 589 quos
373 501 584 580 condemnat,
595 509 656 566 aut
671 524 731 586 per
745 507 900 566 senatum
916 507 977 566 aut
987 523 1047 588 per
1060 523 1164 588 popu·

98 608 180 672 lum
196 609 310 672 levare
325 608 451 694 possit3
475 607 576 692 eripit
591 607 693 671 etiam
710 627 813 690 spem,
824 627 911 692 quae
927 607 997 670 sola
1012 607 1163 672 homines

98 713 140 774 in
170 713 316 776 miseriis
343 711 507 777 consolari
531 711 628 776 solet.
674 710 771 774 Bona
800 717 971 794 praeterea
1000 711 1162 798 publicari

99 815 217 892 iubet,
234 818 339 880 vitam
354 816 459 882 solam
481 814 644 899 ‘relinquit
667 813 802 878 nefariis
827 814 1017 880 hominibus
1029 838 1037 890 ;
1061 837 1162 900 quam

99 921 133 984 si
152 922 345 1005 eripuisset,
358 921 484 984 multos
499 941 568 983 una
579 918 711 983 dolores
728 919 830 982 animi
846 925 948 1004 atque
966 921 1113 1007 corporis
1129 928 1164 986 et
1186 934 1216 980 30

100 1026 220 1088 omnis
247 1026 413 1090 scelerum
437 1046 562 1109 poenas
585 1023 775 1088 ademisset.
834 1023 955 1108 Itaque
983 1031 1023 1089 ut
1049 1025 1163 1109 aliqua

101 1131 144 1191 in
161 1131 235 1194 vita
251 1128 396 1194 formido
410 1128 560 1214 inprobis
576 1136 665 1192 esset
686 1129 806 1212 posita,
823 1127 913 1214 apud
940 1127 1065 1193 inferos
1090 1130 1162 1194 eius

102 1234 202 1298 modi
224 1235 391 1320 quaedam
414 1235 466 1298 illi
490 1235 624 1318 antiqui
648 1233 815 1318 supplicia
841 1235 952 1318 impiis
978 1235 1166 1332 constituta

102 1361 183 1403 esse
200 1339 393 1415 voluerunt,
409 1339 503 1423 quod
518 1337 679 1402 videlicet
694 1337 937 1424 intellegebant
958 1338 1010 1403 his
1026 1339 1162 1404 remotis

103 1465 178 1506 non
196 1465 269 1508 esse
285 1451 425 1508 mortem
441 1444 549 1528 ipsam
564 1443 875 1527 pertimescendam.
1187 1459 1219 1504 ss

154 1565 192 1612 v.
224 1547 257 1611 N
259 1570 335 1624 unc,
351 1556 463 1632 patres
480 1549 670 1632 conscripti,
683 1569 748 1634 ego
764 1569 837 1612 mea
852 1546 951 1612 video
967 1545 1051 1632 qnid
1065 1547 1166 1612 inter·
1187 1549 1209 1612 9

104 1653 165 1717 sit.
213 1651 250 1716 Si
274 1654 367 1717 eritis
391 1654 499 1718 secuti
525 1653 727 1718 sententiam
754 1650 793 1715 C.
816 1650 977 1728 Caesaris,
1001 1653 1161 1736 quoniam

105 1757 198 1821 hanc
225 1756 254 1821 is
278 1757 316 1819 in
342 1779 377 1822 re
404 1744 540 1841 publica
567 1758 666 1833 viam,
690 1778 777 1842 quac
808 1757 979 1840 popularis
1009 1755 1162 1833 habetur,

105 1869 252 1926 secutus
267 1869 328 1937 est,
345 1860 487 1926 fortasse
504 1862 614 1925 minus
630 1869 732 1926 erunt
753 1861 816 1924 hoc
840 1869 976 1925 auctore
1000 1868 1036 1924 et
1053 1861 1165 1947 cogni-

107 1975 185 2032 tore
213 1967 355 2032 huiusoc
382 1968 569 2050 sententiae
598 1966 680 2030 mihi
711 1967 889 2052 populares
921 1967 1065 2050 impetus
1096 1988 1166 2052 per·
1202 1982 1217 2027 5

108 2070 332 2147 timesceudi3
355 2072 408 2136 sin
430 2072 524 2135 illam
548 2073 696 2148 alteram,
714 2072 827 2136 nescio
850 2093 892 2134 an
915 2071 1059 2156 amplius
1082 2071 1164 2134 mihi

108 2177 243 2262 negotii
259 2177 487 2259 contrahatur.
534 2175 602 2241 Sed
626 2185 738 2240 tamen
762 2197 910 2240 meorum
938 2176 1163 2261 periculorum

108 2282 261 2345 rationes
278 2282 408 2346 utilitas
432 2283 480 2346 rei
503 2281 656 2366 publicae
673 2282 796 2346 vincat.
844 2280 1016 2346 Habemus
1040 2281 1164 2344 enima

110 2385 268 2461 Caesare,
279 2386 369 2450 sicut
380 2387 486 2470 ipsius
498 2386 647 2472 dignitas
660 2393 696 2450 et
707 2386 870 2450 maiorum
887 2386 959 2449 eius
975 2383 1164 2469 amplitudo

110 2489 319 2574 postulabat,
335 2491 537 2555 sententiam
560 2497 732 2576 tamquam
756 2489 905 2554 obsidem
929 2497 1109 2572 perpetuae
1129 2489 1164 2550 in
1189 2502 1217 2548 10

110 2593 378 2677 rempublicam
401 2595 599 2659 voluntatis.
646 2594 864 2658 Intellectum
888 2601 949 2669 est,
974 2592 1058 2678 quid
1082 2593 1164 2656 inte-

111 2705 220 2762 resset
246 2699 335 2762 inter
361 2699 535 2763 levitatem
563 2699 832 2762 contionatorum
856 2705 891 2762 et
912 2698 1063 2760 animum
1086 2718 1163 2761 vere

110 2803 311 2887 popularem
333 2802 436 2868 saluti
459 2803 576 2887 populi
600 2803 842 2867 consulentem.
893 2801 1004 2866 Video
1019 2800 1060 2864 de
1079 2801 1164 2878 istis,
1179 2803 1218 2866 10

112 2908 174 2992 qui
190 2928 226 2972 se
242 2907 421 2992 populares
436 2906 549 2972 haberi
566 2909 696 2981 volunt,
715 2907 828 2972 abesse
845 2929 912 2972 non
929 2907 1104 2981 neminem,
1122 2927 1163 2970 ne

112 3010 277 3095 decapite
291 3010 450 3076 videlicet
464 3012 590 3076 civium
606 3011 833 3074 Romanorum
851 3011 1052 3076 sententiam
1067 3008 1164 3073 ierat.
1189 3025 1217 3069 15

113 3115 147 3180 Is
163 3123 199 3180 et
214 3114 341 3180 nudius
357 3117 478 3180 tertius
493 3117 528 3178 in
544 3116 733 3180 custodiam
759 3118 850 3180 cives
876 3116 1043 3180 Romanos
1070 3112 1164 3177 dedit

113 3227 148 3284 ct
163 3220 447 3304 supplicationem
463 3220 544 3283 mihi
561 3220 712 3286 decrevit
727 3229 763 3285 et
777 3220 905 3284 indices
929 3220 1086 3284 hesterno
1109 3217 1162 3283 die

113 3325 268 3387 maximis
284 3325 440 3408 praemiis
451 3323 586 3388 adiecit.
633 3325 706 3388 lam
722 3325 785 3389 hoc
802 3325 928 3388 nemini
945 3323 1084 3387 dubium
1102 3330 1162 3398 est,

114 3428 173 3512 qui
211 3449 269 3492 000
307 3428 506 3505 custodiam,
538 3430 721 3513 quaesitori
759 3429 1028 3515 gratulationem,
1060 3427 1162 3492 indici

115 3532 300 3614 praemium
327 3531 481 3609 decrerit,
499 3533 639 3617 quidde
659 3541 730 3598 tota
754 3556 789 3598 re
815 3542 850 3598 et
874 3555 973 3598 causa
997 3533 1164 3597 indicarit.
1187 3545 1217 3592 00

116 3635 165 3698 At
179 3658 261 3701 vero
277 3635 316 3700 Ο.
334 3635 457 3702 Caesar
472 3638 643 3724 intellegit
664 3638 773 3724 legem
790 3637 1017 3722 Semproniam
1034 3659 1105 3702 esse
1122 3636 1162 3700 de

117 3740 244 3805 civibus
264 3741 425 3806 Romanis
449 3743 688 3817 constitutam3
713 3743 772 3826 qui
795 3750 907 3806 autem
935 3742 983 3805 rei
1009 3740 1162 3824 publicae

117 3844 290 3923 sithostis,
306 3868 384 3911 eum
408 3847 516 3911 civem
541 3869 613 3910 esse
636 3847 730 3910 nullo
754 3846 852 3910 modo
876 3867 992 3930 posse3
1016 3842 1161 3927 denique
