2800 4367
435 339 516 390 car.
543 341 629 402 iau,
653 342 667 401 s
688 340 776 390 aazia.
1109 325 1170 390 191

34 512 35 585 j
89 519 144 572 tam
157 509 345 574 incredibili
355 510 518 574 bonorum
528 511 688 584 omnium,
699 517 766 574 tam
781 519 894 594 parato
906 509 1039 594 populo,
1049 519 1120 574 tota

34 618 35 682 l
88 613 220 698 denique
230 614 327 678 ltalia
337 613 382 678 ad
393 635 525 679 omnem
536 615 786 678 contentionem
797 613 1049 698 expeditacessi
1062 616 1118 678 tri-

87 717 156 780 buni
167 719 224 802 pl,
237 717 495 803 despicatissimi
510 718 664 794 hominis,
681 717 798 794 furori,
811 718 1122 802 contemptissumo-

34 816 35 904 l
87 844 148 884 rum
158 822 333 887 consulum
347 823 520 888 levitatem
535 822 776 907 audaciamque
794 823 961 907 pertimui,
979 823 1119 886 nimium

34 919 35 927 '
86 948 127 989 me
143 926 310 1001 timidum,
334 927 462 991 nullius
482 927 596 1004 animi,
613 927 741 991 nullius
764 927 895 991 eorrsilii
921 926 1022 992 luisse
1046 948 1121 992 oon·
1144 945 1172 990 ιο

86 1031 175 1094 fiteor.
234 1031 328 1110 Quid
354 1031 444 1096 enim
469 1032 578 1096 simile
606 1031 675 1095 fuit
700 1033 735 1094 in
761 1031 802 1110 Q.
832 1031 997 1096 Metello?
1021 1032 1118 1097 cuius
1131 1031 1170 1094 37

34 1116 35 1153 ³
84 1155 203 1198 causam
220 1137 285 1200 etsi
301 1157 416 1201 omnes
432 1135 509 1199 boni
525 1135 719 1220 probabant,
734 1145 845 1199 tamen
857 1157 965 1220 neque
981 1143 1118 1201 senatus

85 1238 201 1320 publice
230 1261 340 1323 neque
367 1240 457 1303 ullus
481 1239 563 1303 ordo
585 1239 716 1325 proprie
743 1261 851 1324 neque
877 1241 947 1304 suis
974 1239 1117 1305 decretis

34 1348 38 1427 l
85 1340 168 1406 ltalia
197 1351 321 1407 cuncta
350 1350 552 1433 susceperat.
614 1342 670 1406 Ad
700 1364 797 1406 suam
827 1345 916 1407 enim
948 1343 1116 1430 quandam

34 1436 38 1573 s
85 1448 175 1531 magis
206 1448 266 1511 ille
293 1447 433 1534 gloriam
459 1468 562 1532 quam
591 1447 635 1511 ad
660 1449 869 1532 perspicuam
901 1447 1044 1512 salutem
1071 1449 1118 1512 rei
1142 1465 1170 1510 15

84 1549 221 1632 publicae
253 1552 392 1635 spiritus
417 1560 616 1636 sumpserat,
644 1573 721 1616 cum
748 1573 836 1615 uuus
860 1553 894 1614 in
925 1553 1032 1638 legem
1056 1574 1116 1637 per

34 1707 38 1739 ,
84 1655 139 1716 vim
154 1655 258 1720 latam
273 1657 382 1720 iurare
405 1656 578 1731 noluerat3
602 1656 749 1740 denique
778 1655 955 1721 videbatur
981 1678 1020 1720 ea
1042 1678 1117 1721 con-

84 1756 197 1824 dicioue
214 1768 286 1824 tam
309 1759 407 1824 fortis
432 1759 547 1835 fuisse,
564 1767 603 1824 ut
627 1782 705 1824 eum
730 1761 856 1844 patriae
882 1761 1019 1824 caritate
1043 1783 1119 1824 cou-

35 1916 36 1945 ,
83 1864 210 1929 stantiae
227 1865 370 1950 gloriam
394 1871 626 1928 commutaret.
674 1865 756 1928 Erat
778 1871 891 1929 autem
917 1886 967 1928 res
992 1866 1022 1928 ei
1039 1886 1114 1928 cum

36 1962 38 1987 ³
84 1971 218 2033 exercitu
236 1969 275 2033 C.
292 1969 380 2033 Mari
396 1970 533 2044 invicto,
551 1968 692 2033 habebat
709 1969 880 2033 inimicum
906 1968 944 2032 (l.
963 1969 1116 2046 Marium,
1139 1987 1170 2031 ao

36 2068 39 2147 ᾖ
83 2082 336 2138 conservatorem
366 2075 502 2158 patriae,
533 2081 666 2137 sextum
692 2075 757 2136 iam
781 2075 876 2137 illum
904 2074 1114 2138 consulatum

37 2164 38 2199 ³
83 2187 258 2260 gerentem3
283 2199 335 2242 res
351 2186 423 2242 erat
444 2200 521 2242 cum
546 2178 583 2240 L.
612 2177 803 2254 Saturnino,
832 2179 954 2242 iterum
981 2177 1115 2242 tribuno

38 2365 40 2376 Ι
83 2280 126 2362 pl,
141 2283 304 2368 vigilante
320 2281 501 2345 homineet
516 2282 551 2344 in
567 2303 668 2345 causa
684 2282 836 2366 populari
862 2282 890 2344 si
916 2302 983 2344 nou
1007 2280 1116 2346 mode·

37 2396 41 2457 ³,
83 2393 148 2460 rate,
159 2394 194 2450 at
205 2395 297 2451 certe
309 2387 514 2471 populariter
525 2385 798 2470 abstinenterque
812 2392 954 2449 versate.
994 2383 1115 2460 Cessit,

36 2502 41 2576 l,
83 2509 114 2552 ne
128 2498 183 2555 aut
198 2492 313 2555 victus
329 2512 349 2554 a
364 2489 507 2555 fortibus
526 2491 604 2554 viris
621 2511 697 2554 cum
716 2488 877 2553 dedecore
902 2488 1035 2552 caderet
1057 2497 1118 2553 aut
1139 2505 1168 2550 aa

37 2602 41 2686 'q
84 2593 175 2658 victor
189 2595 307 2658 multis
323 2602 359 2659 et
374 2593 516 2658 fortibus
532 2593 662 2658 civibus
686 2615 755 2657 rem
782 2593 950 2678 publicam
974 2592 1113 2657 orbaret.

37 2713 41 2807 p
84 2695 177 2762 Meam
205 2721 341 2764 causam
367 2705 504 2762 senatus
532 2698 652 2782 palam,
669 2705 827 2781 equester
842 2696 923 2760 ordo
945 2697 1114 2773 acerrime,
1128 2700 1167 2762 38

37 2829 41 2856 ι
83 2811 187 2867 cuncta
218 2804 319 2867 ltalia
349 2802 492 2886 publice,
524 2823 639 2866 omnes
675 2801 754 2865 boni
785 2802 916 2886 proprie
947 2802 1114 2886 enixeque

37 2943 41 2987 ς
83 2918 291 2992 susceperant.
339 2906 420 2970 'Eas
450 2927 502 2970 res
533 2927 710 2991 gesseram,
742 2927 886 2990 quarum
926 2927 993 2968 non
1024 2927 1112 2969 unus

83 3019 191 3088 auctor,
219 3011 279 3077 sed
304 3010 375 3074 dux
400 3011 558 3074 omnium·
576 3011 762 3075 voluntatis
789 3009 938 3085 fuissem,
962 3030 1116 3093 quaeque
1139 3023 1169 3068 ao

37 3185 41 3211 Ι
84 3132 137 3176 non
154 3115 251 3180 modo
273 3114 318 3180 ad
341 3116 546 3202 singularem
571 3136 677 3179 meam
702 3115 851 3200 gloriam,
881 3113 938 3178 sed
964 3113 1007 3178 ad
1030 3134 1115 3177 com-

36 3215 41 3315 }
84 3236 202 3284 munem
217 3221 363 3284 salutem
381 3221 531 3283 omnium
547 3220 673 3283 civium
688 3227 723 3282 et
739 3239 840 3302 prope
865 3219 1017 3304 gentium
1045 3240 1116 3303 per-

37 3346 41 3395 ,=
85 3321 233 3399 tinerent3
272 3346 312 3388 ea
341 3324 535 3388 condicione
566 3345 743 3410 gesseram,
777 3331 816 3385 ut
846 3345 957 3387 meum
986 3322 1114 3386 factum

85 3443 196 3511 semper
212 3450 327 3492 omnes
343 3436 509 3512 praestare
527 3430 680 3512 tuerique
702 3425 870 3490 deberent.
918 3445 1007 3490 xvir.
1034 3427 1116 3490 Erat

86 3537 179 3594 autem
195 3532 276 3595 mihi
292 3533 464 3596 contentio
477 3554 543 3594 non
560 3552 636 3594 cum
650 3532 776 3594 victore
794 3531 954 3606 exercitu,
967 3529 1025 3594 sed
1038 3552 1115 3611 curn

86 3636 174 3714 operis
199 3635 375 3699 conductis
400 3642 435 3698 et
459 3634 502 3697 ad
526 3633 749 3718 diripiendam
778 3634 893 3697 urbem
918 3635 1112 3708 concitatis3

87 3731 227 3802 habebam
243 3740 417 3803 inimicum
434 3760 501 3802 non
530 3738 568 3800 C.
586 3738 742 3810 Marium,
769 3728 927 3800 terrorem
956 3736 1113 3812 hostium,

87 3857 162 3922 Spem
176 3844 430 3929 subsidiumque
446 3843 582 3926 patriae,
594 3841 655 3906 sed
670 3841 739 3904 duo
756 3841 936 3924 inportuna
952 3838 1113 3925 prodigia,
1152 3853 1166 3896 ὅ
