2800 4367
456 328 537 379 cnr.
561 329 649 390 rear,
674 330 688 391 s
711 329 798 379 susa
1142 313 1205 376 199
1270 307 1273 312 '

112 504 216 580 reteri,
241 523 347 588 quare
378 524 480 566 suum
510 510 671 566 terrorem
697 501 783 565 falso
814 501 930 566 iactari
960 500 1152 584 opponique

112 609 261 692 patiatur.
306 607 505 692 Numquam
528 606 674 691 denique
705 607 770 670 erit
797 614 866 669 tam
897 625 1075 689 oppressus
1106 626 1154 668 se·
1244 599 1250 608 “

111 719 212 788 natus,
245 719 285 774 ut
315 711 345 774 ei
378 733 420 790 ne
451 709 665 795 supplicandi
699 709 838 794 quidem
870 729 907 772 ac
939 707 1078 794 lugendi
1108 709 1153 771 sit

111 823 263 900 potestas,
280 825 349 879 tam
366 821 485 899 captus
508 822 666 899 equester
681 813 773 890 ordo,
792 821 830 876 ut
853 813 985 896 equites
1010 813 1152 877 Romani
1176 826 1204 870 25

110 942 129 982 a
150 920 286 984 consule
311 920 515 1005 relegentur.
563 917 658 997 Quae
681 939 759 982 cum
787 917 898 981 omnia
924 926 1026 1000 atque
1051 917 1153 980 etiam

112 1022 208 1087 multo
224 1022 292 1086 alia
301 1023 435 1098 maiora,
453 1044 540 1106 quae
564 1022 720 1086 consulto
743 1030 923 1106 praeterae,
940 1019 1150 1095 accidissent,

112 1125 295 1190 videtisme
313 1127 479 1190 tamenin
504 1147 611 1190 meam
634 1127 810 1209 pristinam
834 1124 1035 1211 dignitatem
1059 1123 1151 1188 brevi

112 1240 251 1314 tempore
275 1230 401 1294 doloris
426 1231 601 1294 interiecto
632 1230 680 1294 rei
712 1228 865 1313 publicae
897 1251 978 1293 voce
1010 1249 1080 1294 esse
1105 1249 1152 1292 re·

111 1342 270 1398 vocatum.
1175 1346 1205 1391 so

40 1516 41 1533 χ
149 1445 250 1501 xxrv.
276 1436 344 1502 Sed
367 1445 406 1501 ut
429 1445 578 1503 revertar
600 1437 644 1500 ad
668 1436 765 1512 illud,
790 1437 884 1520 quod
907 1437 988 1499 mihi
1019 1437 1053 1498 in
1088 1435 1204 1500 1111053

40 1614 41 1617 Ἴ
112 1543 192 1605 omni
207 1549 260 1605 est
282 1543 433 1606 oratione
457 1542 674 1626 propositum,
699 1541 853 1605 omnibus
878 1541 972 1604 malis
990 1541 1047 1604 illo
1063 1561 1150 1604 anno

110 1646 224 1710 scelere
251 1641 432 1710 consulum
461 1668 531 1711 rem
561 1646 730 1730 publicam
762 1667 833 1710 esse
865 1645 1060 1720 confectam,
1089 1645 1152 1730 pri-

111 1771 195 1812 mum
220 1751 281 1814 illo
306 1752 378 1835 ipso
409 1749 473 1826 die,
499 1751 558 1835 qui
589 1750 672 1813 mihi
704 1749 862 1814 funestus
894 1750 971 1826 fuit,
996 1748 1150 1813 omnibus

111 1853 197 1917 bonis
212 1854 398 1929 luctuosus
423 1876 500 1918 cum
523 1876 585 1940 ego
609 1876 660 1918 me
683 1877 699 1918 0
726 1855 905 1940 complexu
929 1854 1055 1938 patriae
1079 1870 1189 1918 con-5

110 1965 288 2041 spectuque
313 1966 425 2022 vestro
453 1959 649 2042 eripuissem
680 1966 716 2023 et
739 1965 848 2023 metu.
864 1959 967 2022 vestri
1000 1958 1149 2041 periculi,

111 2082 170 2124 non
186 2063 260 2137 mci,
278 2061 384 2126 furori
408 2062 561 2139 hominis,
587 2063 717 2138 sceleri,
744 2061 911 2146 perfidiae,
937 2063 1014 2126 telis
1038 2063 1148 2126 minis-

111 2187 169 2248 que
191 2167 365 2230 cessissem
390 2167 610 2251 patriamque,
635 2189 721 2251 quae
754 2166 836 2229 mihi
867 2174 938 2230 erat
968 2166 1146 2241 carissima,

110 2277 238 2353 propter
276 2271 382 2354 ipsius
425 2272 551 2354 patriae
594 2272 768 2335 caritatem
808 2271 1028 2355 reliquissem,
1073 2293 1149 2334 cum

111 2393 211 2437 mcum
236 2374 334 2436 illum
357 2395 470 2438 casnm
496 2382 564 2439 tam
585 2374 787 2450 horribilem,
813 2382 881 2438 tam
908 2395 1055 2461 gravem,
1083 2382 1151 2438 tam
1175 2391 1203 2434 10

111 2478 314 2560 repentinum
353 2499 420 2541 non
450 2479 559 2542 solnm
592 2479 753 2554 homines,
786 2477 846 2543 sed
878 2486 966 2542 tecta
998 2478 1087 2542 urbis
1111 2499 1152 2564 ac·

112 2581 227 2666 templa
249 2575 417 2667 lugerent,
441 2603 539 2646 nemo
563 2590 715 2646 vestrum
742 2582 863 2658 forum,
892 2603 989 2646 nemo
1012 2582 1148 2659 curiam,

111 2705 200 2749 nemo
215 2686 326 2750 lucem
341 2687 489 2770 aspicere
506 2686 628 2751 vellet:
647 2686 716 2762 illo,
734 2687 967 2771 i11quam,ips0
984 2685 1148 2751 die—die

112 2786 186 2864 dico,
210 2790 313 2854 immo
340 2789 420 2853 hora
442 2799 545 2875 atque
570 2791 672 2855 ctiam
697 2799 824 2875 puncto
848 2792 1006 2874 temporis
1031 2791 1148 2856 eodem

113 2892 185 2956 mihi
200 2895 315 2978 reique
331 2894 484 2978 publicae
501 2896 677 2978 pernicies,
709 2894 852 2958 Gabinio
882 2902 916 2958 et
940 2895 1055 2959 Pisoni
1079 2917 1150 2978 pro·
1173 2911 1202 2955 15

113 2997 212 3061 vincia
242 3006 360 3084 rogata
390 3006 452 3062 est.
499 2998 566 3062 Pro
597 2999 651 3063 dei
682 2999 886 3063 immortales
919 2999 1075 3064 custodes
1115 3007 1149 3063 et

113 3110 349 3167 conservatores
366 3101 466 3166 huius
494 3104 584 3168 urbis
607 3112 712 3188 atque
736 3103 875 3189 imperii,
902 3124 1067 3187 quaenam
1089 3104 1149 3167 illa
1219 3172 1223 3186 ,

113 3203 141 3265 in
167 3227 201 3270 re
232 3205 367 3290 publica
394 3216 551 3284 monstra,
583 3229 669 3292 quae
701 3208 826 3272 scelera
857 3206 1006 3272 vidistis!
1054 3207 1148 3272 Civis

114 3316 175 3372 erat
188 3310 352 3394 expulsus
369 3311 407 3387 is,
424 3313 483 3396 qui
499 3334 569 3376 rem
591 3311 761 3395 publicam
783 3335 825 3376 ex
848 3319 985 3376 senatus
1009 3313 1149 3377 auctori-

114 3417 172 3478 tate
199 3436 275 3478 cum
298 3415 452 3480 omnibus
475 3415 570 3480 bonis
593 3415 800 3490 defenderat,
830 3423 865 3480 et
895 3417 1057 3500 expulsus
1081 3437 1149 3480 non
1171 3434 1200 3478 20

114 3515 169 3580 alio
183 3519 307 3603 aliqu0‚
324 3518 384 3583 sed
407 3541 446 3583 00
468 3520 540 3604 ipsc
563 3521 710 3583 crimine.
758 3520 841 3584 Erat
856 3527 968 3583 autem
985 3519 1146 3603 expulsus

114 3619 174 3685 sine
195 3622 329 3699 iudicio,
347 3623 391 3699 vi,
417 3623 595 3708 lapidibus,
619 3623 718 3698 ferre,
738 3625 876 3688 servitio
900 3623 1046 3708 denique
1070 3644 1145 3687 con-

116 3723 204 3790 citato
216 3751 225 3802 ;
248 3728 304 3791 lex
321 3735 393 3791 erat
408 3726 476 3791 lata
501 3735 633 3792 vastato
656 3749 694 3792 ac
719 3728 837 3793 relicto
862 3727 933 3791 foro
959 3735 994 3791 et
1017 3728 1143 3792 sicariis

116 3831 271 3915 servisque
296 3830 432 3904 tradite,
457 3839 492 3894 et
518 3854 556 3895 00
582 3834 647 3907 lex,
677 3854 762 3915 quae
791 3839 831 3894 ut
856 3853 896 3894 110
920 3830 1075 3906 ferretur,
1100 3853 1147 3895 se·
