2800 4367
162 286 203 351 44
481 296 552 351 rso
576 296 605 349 t.
632 296 791 349 nunnus
814 294 962 348 orario.

212 488 360 565 huiusce,
384 488 671 553 vehementissime
688 486 1011 573 vigilantissimeque
1030 493 1189 551 vexatum
1213 508 1261 551 re-

212 614 363 677 pressum
382 614 515 677 ‚magna
551 615 592 656 ex
628 600 731 676 parte,
763 614 831 655 non
869 580 1065 676 oppressum
1100 592 1259 675 reliquit;

164 714 189 757 ro
212 698 270 780 qui
302 718 362 760 rex
393 696 455 760 sihi
486 698 617 783 aliquot
647 697 743 759 annis
774 696 918 780 sumptis
945 695 988 758 ad
1018 694 1258 780 confirmandas

213 802 358 865 rationes
382 808 417 864 et
439 802 549 884 copias
574 798 653 863 belli
680 806 813 863 tantum
839 821 898 884 spe
923 808 1116 883 conatuque
1142 799 1258 874 valuit,

212 912 251 968 ut
272 926 307 968 se
340 904 513 968 Oceanum
540 922 617 968 cum
647 903 767 979 Ponte,
792 902 918 968 Sertori
949 904 1061 987 copias
1089 924 1165 967 cum
1188 903 1259 967 suis

160 1011 199 1073 33
213 1009 471 1073 coniuncturum
493 1014 639 1093 putaret.
686 1007 743 1070 Ad
765 1007 858 1091 quod
880 1006 1007 1071 bellurn
1030 1006 1161 1071 duobus
1185 1027 1261 1070 con-

211 1112 340 1176 sulibus
357 1114 405 1175 ita
429 1112 547 1187 missis,
564 1117 604 1174 ut
626 1112 711 1175 alter
733 1110 965 1176 Mithridatem
989 1119 1258 1196 persequeretur,

161 1232 188 1277 15
211 1217 296 1280 alter
312 1216 508 1301 Bithyniam
529 1222 690 1291 tueretur,
715 1216 852 1279 alterius
879 1237 930 1279 res
953 1222 988 1279 et
1010 1223 1098 1279 terra
1119 1223 1154 1279 et
1175 1215 1258 1278 mari

211 1320 420 1384 calamitosae
443 1319 658 1383 vehementer
679 1326 715 1382 et
738 1340 817 1403 opes
844 1319 931 1405 regis
955 1327 991 1383 et
1014 1340 1136 1383 nomen
1160 1340 1259 1383 auxo

210 1432 309 1499 runt3
334 1422 371 1485 L.
390 1422 524 1487 Luculli
548 1444 627 1487 vero
651 1443 702 1486 res
726 1430 838 1486 tantae
862 1424 1061 1499 extiterunt,
1084 1430 1125 1487 ut
1147 1443 1257 1507 neque

211 1529 317 1591 maius
345 1528 468 1591 bellum
498 1528 746 1591 commemorari
768 1528 875 1611 possit
899 1548 1009 1612 neque
1034 1528 1157 1591 maiore
1184 1548 1258 1591 con·

209 1632 284 1695 silio
301 1637 336 1694 et
351 1632 477 1695 virtute
494 1638 638 1717 gestum.
684 1630 781 1707 Nam,
799 1632 996 1696 cumtotius
1017 1632 1162 1715 impetus
1179 1630 1256 1695 belli

85 1724 87 1727 ’
158 1749 188 1793 ao
209 1732 251 1797 ad
269 1734 508 1819 Cyzicenorum
527 1736 656 1799 moenia
672 1737 880 1800 constitisset
895 1758 1034 1821 eamque
1056 1735 1171 1800 urbem
1195 1734 1257 1799 sibi

210 1838 424 1903 Mithridates
441 1840 542 1903 Asiae
559 1840 691 1903 ianuam
710 1823 781 1903 iore
797 1848 957 1923 putasset,
975 1861 1042 1923 qua
1062 1839 1200 1905 effracta
1222 1847 1258 1905 et

209 1942 342 2007 revulsa
358 1950 429 2006 tota
449 1950 581 2027 pateret
604 1944 785 2027 provincia,
809 1951 980 2028 perempta
1003 1944 1050 2007 ita
1072 1966 1091 2007 a
1115 1943 1257 2008 Lucullo

209 2046 289 2111 haec
314 2052 395 2110 sunt
418 2048 539 2123 omnia,
564 2054 604 2110 nt
633 2053 669 2111 et
695 2046 774 2111 urbs
800 2046 1068 2111 fidelissimorum
1092 2048 1256 2111 sociorum

198 2148 447 2215 ¹defenderetur
468 2159 504 2215 et
525 2172 637 2215 omnes
661 2152 774 2235 copiae
797 2152 885 2237 regis
907 2150 1129 2215 diuturnitate
1152 2152 1258 2216 obses-

158 2269 187 2313 25
209 2256 310 2319 sionis
328 2264 614 2320 consumerentur.
661 2254 778 2333 Quid?
823 2256 915 2318 illam
931 2276 1079 2343 pugnam
1103 2255 1256 2320 navalem

208 2358 251 2422 ad
282 2358 465 2436 Tenedum,
491 2382 567 2424 cum
599 2367 759 2424 contento
790 2381 890 2423 cursu
917 2362 1084 2425 acerrimis
1115 2359 1256 2424 ducibus

209 2462 355 2527 hostiurn
372 2464 485 2527 classis
503 2463 636 2527 Italiam
653 2486 711 2548 spe
727 2471 829 2549 atque
845 2465 963 2529 animis
986 2464 1102 2529 inflata
1116 2471 1256 2549 peteret,

211 2565 368 2632 mediocri
391 2569 571 2632 certamine
603 2575 638 2632 et
667 2590 772 2653 parva
802 2568 1014 2633 dimicatione
1046 2570 1257 2633 commissam

209 2670 400 2735 arbitraris?
448 2672 550 2737 Mitto
567 2672 702 2757 proelia,
720 2682 889 2757 praetereo
913 2673 1180 2759 oppugnationes
1204 2695 1256 2757 op

157 2789 186 2833 ³0
209 2774 382 2858 pidorurn3
421 2777 581 2860 expulsus
612 2800 715 2863 regno
747 2777 882 2841 tandem
913 2764 1094 2862 aliquando
1126 2785 1256 2841 tantum

134 2938 136 2943 .
210 2889 321 2943 tamen
349 2881 487 2944 consilio
512 2888 613 2965 atque
646 2884 845 2947 auctoritate
870 2882 986 2957 valuit,
1014 2889 1055 2944 ut
1084 2881 1148 2945 sibi
1178 2901 1256 2966 rege

209 2984 444 3047 Armeniorum
469 2985 627 3050 adiuncto
656 2988 752 3051 novis
778 2984 897 3069 opibus
929 2986 1100 3067 copiisque
1132 2984 1256 3046 bellum

209 3090 384 3153 renovarit.
433 3106 510 3153 xvr.
543 3090 605 3165 Ao,
622 3090 650 3153 si
666 3088 749 3152 mihi
765 3108 854 3151 nunc
872 3086 1028 3150 derebus
1049 3086 1152 3171 gestis
1169 3094 1257 3148 esset

209 3192 314 3255 nostri
338 3193 504 3255 exercitus
531 3192 805 3276 imperatorisque
838 3188 1027 3264 dicendum,
1056 3188 1200 3272 plurima
1223 3197 1257 3253 et

209 3296 353 3358 maxima
368 3276 494 3379 proelia
513 3315 768 3359 commemorare
786 3314 917 3377 possem
928 3316 936 3368 3
960 3292 1019 3357 sed
1042 3315 1109 3356 non
1133 3292 1168 3355 id
1191 3295 1257 3379 agi-

156 3398 197 3461 34
209 3420 292 3461 mus.
329 3398 403 3462 Hoc
419 3398 508 3463 dico:
535 3396 570 3461 Si
586 3396 712 3461 bellum
729 3397 802 3474 hoc,
819 3398 848 3461 si
870 3398 923 3461 hic
948 3397 1061 3472 hostis,
1078 3398 1107 3461 si
1123 3397 1180 3460 ille
1197 3419 1254 3461 rex

171 3518 186 3561 5
208 3502 472 3567 contemnendus
491 3502 621 3578 fuisset,
638 3522 748 3587 neque
770 3510 863 3566 tanta
880 3523 958 3566 cura
973 3510 1108 3566 senatus
1124 3510 1159 3565 et
1178 3524 1255 3585 pop

209 3605 285 3669 ulus
310 3606 752 3690 Romanus'suscipiendum
773 3615 926 3691 putasset
948 3628 1057 3691 neque
1078 3614 1129 3670 tot
1149 3626 1252 3668 annos

208 3711 366 3797 gessisset
390 3733 499 3796 neque
524 3719 619 3776 tanta
648 3712 755 3798 gloria
780 3711 818 3773 L.
843 3710 1017 3787 Lucullus,
1042 3731 1150 3793 neque
1174 3729 1254 3773 vero

209 3816 280 3878 eius
307 3814 387 3878 belli
412 3816 609 3879 conficiendi
635 3812 809 3902 negotium
840 3823 935 3879 tanto
966 3814 1079 3877 studio
1109 3812 1253 3895 populns
