2800 4367
219 326 283 394 248
478 340 551 393 ruo
574 340 606 392 r.
631 339 754 394 arcuo
777 338 922 391 uncus
945 337 1093 390 onemo.

270 536 371 579 mauu
402 535 547 579 sororem
576 534 648 578 esse
685 511 900 579 interfectam
936 511 1111 578 fateretur.
1173 511 1234 576 An
1282 518 1364 577 est

271 620 460 705 quisquam,
488 619 546 703 qui
578 617 640 682 hoc
671 618 814 704 ignoret,
846 639 923 682 cum
956 615 998 682 de
1036 615 1169 681 homine
1208 617 1361 681 occiso

153 746 155 749 ’
271 730 460 810 quaeratur,
477 730 537 787 aut
560 723 676 808 negari
703 722 809 786 solere
841 722 977 786 omnino
1008 742 1079 786 esse
1106 720 1241 786 factum
1269 729 1359 785 aut

217 841 246 887 15
268 837 358 894 recte
381 835 417 893 et
438 828 510 892 iure
537 825 666 892 iactum
691 848 765 891 esse
794 825 955 892 defendi?
1002 824 1077 890 Nisi
1101 847 1180 891 vero
1205 827 1358 891 existi-

272 935 370 998 matis
400 932 590 996 dementem
617 931 656 994 P.
684 930 887 995 Africanum
913 929 1029 1007 fuisse,
1052 931 1112 1015 qui
1136 951 1212 995 cum
1240 953 1265 995 a
1297 931 1370 994 C..

270 1037 421 1102 Carbone
449 1035 584 1100 tribuno
607 1036 652 1121 pl.
669 1034 827 1102 seditiose
855 1035 890 1098 in
917 1035 1075 1099 contione
1101 1035 1357 1124 interrogare·

269 1152 335 1219 tur,
359 1141 443 1226 quid
469 1140 510 1204 de
538 1141 590 1203 Ti.
616 1139 759 1205 Gracchi
791 1147 898 1205 morte
927 1140 1079 1216 sentiret,
1107 1141 1356 1225 responderit

227 1248 343 1313 8iure
374 1266 506 1310 caesum
537 1243 654 1310 videri.
701 1244 820 1329 Neque
852 1245 942 1309 enim
972 1252 1087 1329 posset
1115 1255 1176 1308 aut
1206 1245 1370 1312 Ahala.

216 1367 247 1412 ac
267 1351 325 1416 ille
352 1349 515 1415 Servilius
546 1356 607 1413 aut
637 1349 676 1412 P.
706 1349 827 1414 Nasica
857 1357 917 1414 eut
944 1349 981 1413 L.
1007 1349 1162 1434 Opimius
1193 1359 1277 1416 autv
1293 1353 1350 1417 C.

177 1501 180 1506 -
271 1457 399 1520 Marius
426 1462 487 1519 aut
513 1477 564 1519 me
592 1455 730 1519 consule
757 1462 893 1519 senatus
920 1476 988 1519 nou
1015 1453 1163 1520 nefarius
1190 1455 1348 1537 haberi,

268 1563 296 1626 si
326 1561 505 1626 sceleratos
536 1559 619 1625 civis
646 1559 789 1625 interfici
819 1558 914 1624 nefas
945 1566 1040 1625 esset.
1088 1559 1211 1646 Itaque
1249 1561 1347 1642 hoc,

206 1673 208 1675 ’
269 1665 406 1743 iudices,
423 1688 491 1730 non
513 1668 585 1732 sine
609 1688 709 1732 causa
736 1668 837 1732 etiam
867 1667 953 1732 fictis
981 1667 1104 1733 fabulis
1132 1667 1346 1734 doctissimi

268 1771 417 1837 homines
444 1773 621 1837 memoriae
648 1769 878 1856 prodiderunt,
905 1794 993 1849 eum,
1018 1774 1078 1858 qui
1105 1774 1208 1859 patris
1240 1775 1346 1840 ulci-

215 1876 380 1942 nascendi
419 1899 519 1942 causa
557 1884 697 1942 matrem
735 1879 932 1954 necavisset,
965 1879 1102 1944 variatis
1140 1878 1344 1945 hominum

267 1983 444 2048 sententiis
468 2004 535 2046 non
558 1984 667 2048 solum
695 1981 820 2060 divina,
837 1982 896 2048 sed
922 1984 1024 2048 etiam
1051 1984 1341 2070 sapientissimae

226 2086 349 2169 9deae
379 2088 548 2152 sententia
574 2087 762 2152 liberatum.
810 2086 941 2167 Quodsi
972 2089 1150 2154 duodecim
1180 2089 1340 2157 tabulae

268 2199 471 2255 nocturnum
487 2189 597 2256 iurem
614 2213 751 2277 quoquo
775 2191 883 2268 modo,
901 2192 1061 2258 diurnum
1085 2203 1208 2270 autem,
1227 2196 1260 2259 si
1290 2218 1338 2262 se

267 2295 337 2359 telo
352 2293 559 2372 defenderet,
570 2295 715 2360 interfici
731 2296 857 2381 inpune
874 2298 1066 2374 voluerunt,
1078 2299 1154 2383 quis
1171 2304 1337 2384 estqui,

215 2414 404 2484 aequoque
431 2397 530 2463 modo
557 2401 633 2482 quis
660 2398 860 2465 interfectus
888 2402 942 2477 sit,
966 2402 1176 2487 puniendum
1206 2411 1336 2487 putet,

268 2524 345 2566 cum
361 2501 476 2566 videat
491 2502 673 2586 aliquando
689 2503 840 2590 gladium
857 2505 952 2570 nobis
976 2505 1018 2570 ad
1041 2506 1210 2571 hominem
1235 2512 1338 2574 occi-

267 2602 416 2670 dendum
440 2605 481 2671 ab
507 2605 588 2690 ipsis
612 2608 737 2693 porrigi
761 2606 917 2695 legibus?
964 2627 1014 2674 IV.
1046 2610 1166 2696 Atqui,
1183 2611 1211 2675 si
1237 2618 1337 2677 tem·

267 2728 330 2795 pus
346 2717 398 2775 est
413 2710 521 2773 ullum
544 2711 616 2774 iure
640 2710 783 2776 hominis
807 2712 958 2789 necandi,
976 2735 1063 2798 quae
1089 2714 1196 2779 multa
1217 2726 1333 2796 sunt,

267 2821 357 2878 certe
374 2813 460 2878 illud
476 2821 610 2880 estnon
626 2814 725 2879 modo
749 2815 887 2894 iustum,
905 2839 1022 2883 verum
1045 2819 1145 2884 etiam
1168 2841 1334 2887 necessa·

267 2919 365 2995 rium,
390 2939 466 2982 cum
493 2919 528 2983 vi
555 2920 606 2984 vis
633 2919 728 2983 illata
755 2919 960 2986 defenditur.
1007 2922 1210 2988 Pudicitiam
1224 2911 1331 2991 cum

214 3037 229 3081 5
266 3023 408 3107 eriperet
421 3023 534 3087 ‘militi
560 3022 717 3088 tribunus
745 3024 898 3090 militaris
924 3027 959 3089 in
983 3028 1135 3093 exercitu
1152 3027 1191 3092 O.
1215 3027 1329 3110 Mari,

267 3128 477 3213 propinquus
512 3129 584 3192 eius
622 3129 839 3213 imperatoris,
872 3129 1071 3196 interfectus
1110 3132 1151 3197 ab
1180 3155 1222 3197 eo
1255 3143 1328 3214 est,

267 3232 322 3295 cui
352 3233 420 3295 vim
452 3230 622 3299 afferebat.
684 3231 806 3297 Facere
839 3235 928 3298 enim
958 3233 1081 3320 probus
1116 3235 1327 3304 adulescens

267 3336 450 3420 periculose
468 3358 569 3421 quam
584 3337 714 3423 perpeti
739 3339 884 3422 turpiter
907 3339 1036 3404 maluit.
1083 3339 1199 3425 Atque
1223 3340 1327 3408 hunc

214 3457 229 3502 c
265 3441 322 3505 ille
352 3463 502 3506 summus
533 3442 585 3507 vir
615 3442 739 3506 scelere
778 3443 930 3509 solutum
967 3445 1115 3529 periculo
1136 3445 1323 3512 liberavit.

215 3544 456 3610 101nsidiat0ri
477 3568 556 3611 vero
580 3555 615 3611 et
641 3547 764 3614 latroni
793 3569 879 3633 quac
907 3556 1019 3633 potest
1045 3547 1159 3614 inferri
1188 3550 1323 3616 iniusta
1369 3563 1370 3572 ’

267 3650 359 3715 nex?
407 3649 499 3729 Quid
514 3652 692 3716 comitatus
711 3653 826 3730 nostri,
844 3652 927 3736 quid
941 3653 1046 3740 gladii
1061 3654 1207 3718 volunt?
1230 3677 1322 3738 quos

267 3753 388 3818 habere
404 3762 493 3818 certe
509 3777 576 3817 non
593 3755 719 3832 liceret,
733 3757 762 3820 si
779 3757 830 3820 uti
854 3756 921 3820 illis
945 3757 1041 3821 nullo
1063 3765 1163 3841 pacto
1185 3758 1318 3825 liceret.

268 3857 332 3922 Est
346 3858 451 3944 igitur
467 3857 559 3935 haec,
576 3856 714 3936 iudices,
731 3880 799 3923 non
816 3860 949 3942 scripta,
963 3860 1021 3925 sed
1037 3869 1116 3927 nata
1132 3863 1198 3942 lex,
1212 3885 1316 3948 quam
