2800 4367
201 316 265 379 802
329 329 379 377 na
397 327 553 376 musmo
571 326 627 375 cn.
648 327 788 375 ronam
808 326 859 374 an
877 325 1051 386 oururrus
1069 323 1242 376 ORATIO.

252 500 404 564 nocuisse
430 498 586 561 dicatur?
634 497 703 559 Iam
730 519 809 562 vero
835 495 996 581 quemad
1013 497 1149 560 modum
1175 496 1324 560 milia«
1370 479 1373 520 ³³

252 603 437 677 hibernent,
469 602 592 665 cotidie
625 623 795 664 sermones
831 622 869 664 ao
897 602 1028 665 litterae
1058 600 1325 685 perferuntur
1372 595 1373 620 ¹

190 692 228 769 v40
250 729 316 770 non
344 706 442 770 modo
469 714 509 769 ut
536 713 709 789 sumptum
743 703 845 768 faciat
870 706 906 767 in
935 704 1086 780 militem,
1104 706 1253 770 nemini
1281 705 1331 768 vi
1372 697 1373 738 l

252 812 412 887 adfertur,
440 810 500 874 sed
526 832 567 874 ne
600 811 753 894 cupienti
785 807 922 893 quidem
953 811 1109 894 cuiquam
1137 811 1334 894 permitti
1370 807 1373 847 l

253 925 318 980 tur.
366 915 496 979 Hiemis
528 916 627 990 enirn,
656 936 723 978 non
752 914 911 978 avaritiae
928 908 931 915 ’
939 912 1130 1000 perfugium
1161 915 1337 978 maiore:
1371 915 1373 950 ⁴

253 1021 358 1084 nostri
369 1021 403 1082 in
416 1020 584 1083 sociorum
595 1026 697 1103 atque
714 1019 898 1083 amicorum
911 1019 1009 1084 tectis
1022 1040 1093 1082 esse
1105 1019 1339 1084 voluerunt

198 1128 325 1190 40xlv.
360 1125 435 1210 Age
464 1145 552 1197 vero,
569 1124 688 1187 ceteris
712 1124 746 1186 in
775 1122 873 1188 rebus
901 1143 968 1207 qua
995 1123 1041 1186 sit
1071 1125 1344 1207 temperantia,
1370 1131 1373 1172 l

252 1228 471 1293 considerate.
520 1226 618 1291 Unde
636 1227 727 1290 illam
746 1235 873 1290 tantam
890 1227 1096 1291 celeritatem
1115 1233 1247 1290 ettam
1272 1229 1340 1289 in·
1372 1241 1373 1280 ὲ

252 1332 444 1398 credibilem
460 1353 595 1395 cursum
613 1333 789 1396 inventum
805 1331 958 1415 putatis?
1003 1329 1079 1394 Non
1096 1323 1183 1396 enim
1203 1333 1334 1394 illum
1372 1363 1373 1386 r

252 1437 374 1502 eximia
391 1437 442 1499 vis
458 1436 622 1521 remigum
646 1443 706 1499 aut
732 1457 783 1499 ars
810 1434 963 1498 inaudita
990 1434 1154 1519 quaedam
1182 1435 1333 1521 guber-

213 1558 228 1602 a
250 1540 352 1604 nandi
380 1547 440 1604 aut
465 1541 559 1604 venti
586 1541 692 1624 aliqui
721 1541 799 1603 novi
828 1547 896 1604 tam
922 1539 1074 1604 celeriter
1101 1541 1134 1603 in
1164 1540 1330 1604 ultimas
1371 1561 1373 1622 J

253 1654 356 1709 terras
383 1644 609 1730 pertulerunt,
625 1644 685 1708 sed
713 1665 769 1709 eae
798 1665 859 1720 rea,
877 1665 970 1728 quae
991 1652 1117 1708 ceteros
1143 1647 1325 1708 remorari
1368 1671 1373 1705 r

252 1751 372 1825 solent,
389 1769 455 1812 non
473 1748 703 1823 retardarunt3
729 1737 795 1812 non
813 1749 952 1812 avaritia
968 1746 1009 1811 ab
1025 1749 1182 1811 instituto
1198 1767 1322 1814 cursu
1372 1771 1373 1810 1

252 1853 295 1918 ad
311 1853 466 1938 praedam
493 1854 638 1937 aliquam
668 1853 854 1928 devocavit,
872 1873 938 1916 non
964 1851 1067 1915 libido
1091 1851 1133 1915 ad
1150 1853 1321 1937 volupta-
1372 1879 1373 1916 ³

255 1967 333 2034 tem,
348 1980 414 2022 non
427 1959 611 2022 amoenitas
624 1957 666 2021 ad
682 1957 949 2032 delectationem,
960 1978 1026 2019 non
1041 1955 1196 2020 nobil-itas
1209 1957 1318 2021 urbis
1372 1987 1373 2024 3

201 2077 228 2123 10
251 2054 294 2126 ad
317 2063 562 2147 cognitionem,
572 2083 639 2124 non
668 2060 814 2146 denique
841 2060 934 2126 labor
962 2061 1030 2144 ipse
1057 2059 1098 2123 ad
1127 2061 1312 2144 quietern;
1372 2105 1373 2128 ἶ

253 2175 419 2252 postremo
444 2168 540 2251 signa
564 2174 598 2228 et
621 2164 752 2228 tabulas
777 2172 954 2249 ceteraque
980 2173 1174 2229 ornamenta
1200 2165 1313 2230 Grae·
1372 2231 1373 2234 ,

252 2270 372 2335 comm
383 2271 591 2354 oppidorum,
608 2291 694 2354 quae
712 2272 814 2334 ceteri
831 2270 979 2335 tollenda
995 2292 1066 2335 esse
1084 2261 1308 2347 arbitrantur,

199 2377 236 2438 41
251 2397 290 2438 ea
318 2375 380 2438 sibi
413 2375 469 2437 ille
503 2395 543 2437 ne
571 2372 709 2436 visenda
742 2373 877 2457 quidem
910 2376 1127 2440 existimavit.
1179 2375 1304 2462 Itaque

253 2500 368 2543 omnes
392 2501 482 2541 nunc
505 2480 540 2541 in
566 2478 712 2542 iis'loois
733 2478 794 2541 Cn.
815 2478 1012 2563 Pompeium
1038 2480 1127 2544 sicut
1149 2481 1302 2564 aliquem
1372 2527 1373 2558 ,

201 2600 228 2643 15
252 2605 317 2646 non
345 2605 387 2647 ex
415 2583 477 2646 hac
505 2582 587 2646 urbe
616 2584 764 2659 missum,
793 2583 851 2647 sed
877 2582 917 2647 de
946 2583 1038 2648 caelo
1055 2583 1303 2679 delapsumin·
1372 2595 1373 2602 ’

193 2759 196 2768 ,
254 2695 412 2763 tuentum
429 2709 520 2751 nuno
533 2687 679 2771 denique
693 2688 861 2772 incipiunt
877 2687 1009 2752 credere
1027 2686 1131 2750 fuisse
1147 2687 1300 2752 homines

253 2792 419 2855 Romanos
436 2791 497 2856 hac
521 2790 688 2876 quondam
716 2793 932 2866 continentia,
951 2791 1042 2875 quod
1068 2791 1132 2854 iam
1158 2793 1298 2856 nationi-

253 2895 314 2960 bus
345 2897 470 2961 exteris
503 2895 695 2960 incredibile
728 2917 765 2958 ac
797 2895 882 2959 falso
914 2896 1090 2959 memoriae
1129 2895 1295 2980 proditum

253 3000 446 3075 videbatur;
471 3023 561 3065 nunc
586 3001 719 3084 imperii
742 3001 845 3064 vestri
869 2999 1026 3084 splendor
1050 3001 1118 3063 illis
1141 3001 1295 3086 gentibus
1372 3001 1373 3010 ’

199 3119 229 3163 §io
251 3104 358 3169 lucem
377 3104 506 3169 adferre
524 3106 654 3189 coepit;
680 3126 770 3168 nuno
795 3105 1002 3190 intellegunt
1017 3126 1085 3168 non
1110 3105 1181 3169 sine
1199 3127 1295 3170 causa
1328 3129 1331 3132 ’

253 3210 392 3273 maiores
424 3231 502 3273 suos
534 3217 617 3285 tum,
651 3232 727 3273 cum
760 3231 799 3273 ea
832 3201 1052 3293 temperantia
1083 3207 1293 3295 magistratus

253 3311 465 3388 habebamus,
497 3309 621 3377 servire
660 3299 784 3397 populo
817 3313 966 3376 Romano
999 3334 1100 3397 quam
1139 3314 1291 3396 imperare
1372 3317 1373 3320 ’

252 3417 327 3480 aliis
344 3417 511 3481 maluisse.
559 3417 627 3479 Iam
646 3439 729 3481 vero
743 3418 789 3480 ita
805 3415 921 3480 faciles
944 3416 1056 3481 aditus
1080 3415 1122 3480 ad
1138 3438 1214 3481 eum
1237 3417 1293 3500 pri·
1372 3473 1373 3476 ,

253 3528 418 3595 vatorum,
446 3521 493 3583 ita
520 3521 642 3584 liberae
677 3513 903 3605 querimoniae
928 3519 969 3585 de
994 3521 1133 3584 aliorum
1167 3520 1291 3582 iniuriis

199 3640 228 3683 aa
251 3646 322 3688 esse
344 3623 513 3700 dicuntur,
532 3632 571 3688 ut
593 3626 631 3700 ia,
648 3625 708 3707 qui
732 3623 898 3710 dignitate
923 3623 1128 3708 principibus
1152 3623 1289 3700 excellit,

200 3730 241 3793 42
251 3726 414 3794 facilitate
432 3729 553 3793 infimis
570 3751 630 3813 par
646 3750 716 3792 esse
734 3729 899 3792 videatur.
948 3729 1016 3792 Iam
1044 3735 1207 3813 quantum
1226 3749 1290 3792 con·

253 3834 337 3911 silio,
355 3842 522 3918 quantum
538 3833 671 3897 dicendi
687 3827 857 3918 gravitate
872 3841 908 3897 et
922 3834 1018 3918 copia
1035 3833 1155 3911 valeat,
1173 3835 1207 3896 in
1230 3853 1288 3918 quo
