2800 4367
174 354 216 421 22
419 368 559 419 caurio
583 366 623 417 iu
646 364 860 417 carnnmn
882 365 1066 416 succum.

224 562 263 605 eo
284 540 389 615 hoste,
407 542 464 624 qui
482 541 546 603 iarn
564 538 691 604 fatetur
706 560 742 603 se
757 559 829 602 esse
845 537 986 613 hostem,
1003 544 1039 601 et
1054 560 1181 622 quem,
1204 538 1305 622 quia,

225 644 317 730 quod
332 666 464 728 semper
481 644 584 719 volui,
601 664 718 706 murus
734 643 885 717 interest,
902 662 971 703 non
994 641 1098 704 timeo
1110 664 1123 716 3
1154 640 1207 705 de
1235 641 1306 717 his,

224 750 284 833 qui
306 748 531 823 dissimulant,
558 748 617 831 qui
650 747 774 811 Romae
806 752 989 823 remanent
1015 745 1075 831 qui
1098 745 1306 809 nobiscum

187 861 314 929 ssuut,
330 851 415 915 nihil
437 850 608 915 dicimus?
653 849 748 929 Quos
774 850 911 935 quidem
937 871 1010 936 ego,
1026 850 1056 913 si
1078 850 1160 913 ullo
1190 849 1307 914 modo

224 957 295 1022 fieri
319 957 435 1040 possit,
461 976 527 1017 nou
551 963 620 1017 tarn
647 954 763 1017 ulcisci
792 953 915 1019 studeo
940 975 1042 1039 quam
1069 974 1203 1019 sanare
1231 954 1305 1018 sibi

224 1063 322 1145 ipsos,
350 1059 481 1143 placare
513 1059 558 1121 rei
586 1057 748 1141 publicae,
776 1079 897 1142 neque,
920 1057 956 1121 id
983 1078 1086 1142 quare
1111 1057 1195 1122 fieri
1225 1080 1305 1123 non

224 1165 337 1248 possit,
354 1164 382 1225 si
406 1184 457 1226 me
481 1159 596 1226 audire
614 1162 740 1238 volent,
765 1162 936 1248 intellego.
983 1161 1164 1246 Exponam
1194 1164 1301 1227 enim

225 1267 329 1341 vobis,
362 1265 522 1345 Quirites,
555 1286 597 1329 cx
628 1264 752 1351 quibus
780 1265 959 1352 generibus
987 1264 1164 1329 hominurn
1200 1267 1302 1332 istae

173 1386 203 1431 10
224 1373 336 1455 copiae
362 1379 596 1452 comparentur
608 1394 617 1444 ;
650 1368 770 1435 deinde
799 1370 944 1457 singulis
971 1370 1171 1435 medicinam
1211 1394 1304 1436 con-

224 1475 291 1537 silii
317 1482 418 1557 atque
449 1474 608 1536 orationis
640 1496 742 1550 meae,
768 1476 798 1539 si
828 1495 933 1559 quam
959 1483 1085 1559 potero,
1114 1474 1297 1540 adferam.

177 1581 215 1642 18
233 1578 346 1641 Unum
375 1597 480 1663 genus
512 1584 564 1641 est
593 1599 719 1654 eorum,
747 1579 807 1663 qui
838 1599 960 1664 magno
990 1578 1026 1640 in
1057 1599 1131 1642 aere
1162 1579 1300 1644 alieno

228 1683 367 1744 maiores
407 1682 507 1744 ctiam
548 1683 772 1766 possessiones
812 1681 946 1757 habent,
978 1702 1122 1765 quarum
1162 1704 1294 1750 amore

227 1784 364 1849 adducti
376 1784 515 1848 dissolvi
532 1785 626 1848 nullo
642 1785 741 1849 modo
757 1793 908 1870 possunt.
955 1785 1087 1848 Horum
1100 1786 1294 1857 hominum

176 1906 203 1949 15
226 1889 353 1973 species
369 1896 421 1951 est
437 1888 671 1951 honestissima
690 1892 789 1973 (sunt
812 1891 901 1953 enim
924 1889 1141 1973 locupletes),
1157 1891 1293 1955 volun-

228 2002 278 2057 tas
305 2014 382 2057 vero
407 2000 441 2056 et
465 2014 565 2057 causa
589 1993 877 2078 inpudentissima.
932 1994 985 2057 Tu
1012 1997 1110 2081 agris,
1128 2003 1166 2060 tu
1188 1998 1292 2062 aedi-

227 2099 320 2171 ficiis,
338 2105 541 2183 mergente,
559 2097 751 2173 briomilia,
768 2105 807 2161 tu
832 2097 929 2163 rebus
955 2099 1110 2164 omnibus
1134 2109 1286 2167 ornatus

228 2210 262 2266 ct
292 2203 444 2285 copiosus
475 2203 520 2265 sis
551 2210 587 2265 et
616 2201 748 2265 dubites
780 2201 820 2266 de
849 2202 1056 2286 possessione
1084 2204 1290 2283 detrahere,·

226 2306 400 2390 adquirere
428 2305 470 2368 ad
497 2305 621 2369 fidem?
675 2304 768 2384 Quid
795 2306 883 2370 eninr
910 2307 1093 2391 expectas?
1123 2306 1285 2371 bellum?

175 2428 205 2471 20
228 2410 319 2489 Quid
346 2410 451 2495 ergo?
487 2411 521 2471 in
547 2412 734 2473 vastatione
763 2411 914 2473 omnium
941 2418 1016 2473 tuas
1050 2412 1279 2495 possessiones

227 2520 452 2578 sacrosanctas
465 2513 598 2578 futuras
609 2515 737 2599 putas?
761 2516 818 2578 An
832 2514 961 2579 tabulas
975 2516 1104 2580 novas?
1140 2512 1276 2593 Errant,

228 2618 287 2702 qui
313 2619 394 2681 istas
415 2638 434 2680 a
458 2616 605 2681 Catilina
629 2628 832 2703 expectant3
856 2640 930 2683 meo
953 2619 1115 2685 beneficio
1138 2620 1274 2684 tabulae

227 2743 332 2785 novae
363 2720 584 2806 proferentur,
611 2745 729 2787 verum
758 2724 1009 2800 auctionariae3
1043 2746 1153 2809 neque
1184 2725 1273 2787 enim

228 2827 293 2901 isti,
325 2827 384 2909 qui
411 2828 634 2910 possessiones
666 2827 800 2902 habent,
829 2828 895 2891 alia
926 2829 1056 2893 ratione
1087 2829 1157 2891 ulla
1187 2828 1272 2892 salvi

175 2945 204 2989 25
226 2938 296 2993 esse
332 2937 482 3014 possunt.
540 2931 639 3009 Quod
677 2933 706 2996 si
739 2933 902 2995 maturius
934 2932 1048 2997 'facere
1087 2933 1274 2995 voluissent

227 3055 346 3117 neque,
364 3033 410 3096 .id
437 3033 528 3119 quod
554 3037 795 3099 stultissimum
820 3043 880 3110 est,
907 3043 1033 3099 certare
1057 3056 1134 3097 cum
1159 3034 1271 3096 usuris

226 3137 393 3201 fructibus
421 3138 641 3222 praediorum,
669 3147 705 3203 ct
727 3137 1002 3221 locupletioribus
1026 3137 1077 3199 his
1100 3145 1136 3200 et
1161 3135 1273 3199 melio·

226 3241 316 3305 ribus
341 3242 471 3307 civibus
499 3249 680 3307 uteremur.
737 3240 803 3304 Sed
833 3240 931 3304 hosce
959 3240 1109 3303 homines
1135 3240 1270 3303 minime

226 3355 309 3429 puto
339 3345 631 3431 pertimescendos,
664 3342 757 3429 quod
786 3350 846 3406 aut
876 3342 998 3406 deduci
1028 3342 1069 3405 de
1102 3342 1271 3405 sententia

174 3465 204 3509 eo
226 3458 367 3534 possunt
405 3458 473 3526 aut,
505 3450 533 3513 si
568 3446 822 3533 permanebunt,
854 3446 959 3531 magis
998 3444 1080 3506 mihi
1111 3442 1271 3507 videntur

225 3562 305 3619 vota
334 3552 458 3618 facturi
488 3560 604 3615 contra
628 3572 698 3613 rem
726 3546 895 3633 publicam
917 3570 1018 3633 quam
1041 3568 1131 3610 arma
1156 3544 1269 3608 laturi.

176 3660 280 3723 191x.
315 3657 472 3721 Alterum
509 3676 616 3740 genus
646 3661 699 3718 est
727 3674 852 3728 eorum,
878 3654 937 3737 qui
965 3674 1168 3738 quamquam
1200 3671 1271 3736 pre·

225 3767 364 3823 muntur
393 3780 467 3821 aere
498 3758 617 3835 alieno,
644 3758 906 3822 dominationem
937 3766 1049 3823 tamen
1079 3762 1270 3842 expectant,

224 3882 334 3925 rerum
344 3861 444 3942 potiri
458 3862 588 3937 volunt,
606 3862 758 3939 honores,
769 3884 854 3947 quos
866 3865 982 3948 quieta
997 3885 1032 3927 re
1049 3861 1185 3948 publica
1200 3860 1271 3924 des-
