2800 4367
395 299 403 316 ’
483 340 564 390 car.
590 339 676 401 raro,
701 341 716 400 5
739 339 826 389 4045.
1143 325 1206 390 115

86 509 191 574 salus
223 518 315 574 esset
348 511 512 588 omnibus,
545 519 718 596 expertem
749 532 819 576 esse
851 511 1018 576 neminem
1050 511 1153 576 volni.

88 614 227 699 ltaque
243 614 319 679 dico
334 615 446 680 locum
468 617 504 680 in
530 616 607 682 orbe
632 625 795 682 terrarum
820 637 891 681 esse
916 615 1058 692 nullum,
1083 638 1151 701 qno
1167 621 1208 681 4³

87 719 127 782 iu
155 720 241 784 loco
266 721 383 804 populi
413 720 554 784 Romani
585 742 708 786 nomen
737 721 792 796 sit,
824 721 907 806 quin
938 719 1056 786 eodem
1086 743 1157 805 per·
1181 737 1208 780 io

87 824 269 907 scriptum
298 823 361 888 hoc
392 823 555 889 indicium
585 826 786 910 pervenerit.
833 825 873 888 ln
899 846 966 910 quo
997 833 1152 910 egotam

88 927 215 991 subito
244 935 279 992 et
301 929 427 1014 exigno
450 936 485 993 et
507 929 642 994 tmbido
665 937 813 1013 tempore
839 929 947 992 multa
977 926 1153 1004 divinitus,

88 1032 141 1094 ita
172 1039 220 1096 ut
245 1030 326 1107 dixi,
357 1053 423 1097 non
450 1054 525 1098 mea
546 1041 664 1118 sponte
692 1032 835 1118 providi,
859 1033 1003 1117 primum
1027 1034 1152 1118 nequi

90 1143 215 1219 posset
247 1144 381 1202 tantum
411 1145 472 1201 aut
503 1137 545 1201 de
575 1138 623 1201 rei
660 1137 813 1224 publicae
844 1145 905 1202 aut
935 1136 977 1202 de
1008 1137 1151 1202 alienius

90 1241 255 1323 periculo
286 1243 485 1319 meminisse,
519 1253 685 1327 quantum
714 1242 835 1318 vellet3
868 1241 990 1306 deinde
1021 1263 1064 1306 ne
1099 1243 1207 1306 cui15

92 1345 223 1410 liceret
238 1367 400 1431 umquam
414 1346 657 1433 reprehendere
673 1346 760 1410 illud
777 1345 939 1411 indicium
955 1353 1015 1410 aut
1030 1354 1153 1413 temere

91 1449 272 1514 creditum
298 1452 483 1526 criminari3
509 1459 677 1536 postremo
702 1472 744 1515 ne
772 1449 855 1535 quid
881 1451 946 1514 iam
976 1471 996 1514 a
1025 1471 1087 1527 me,
1111 1471 1153 1515 ne

94 1553 248 1637 quidex
265 1556 347 1619 meis
368 1555 614 1620 commentariis
637 1563 865 1640 quaereretur,
882 1575 924 1619 ne
948 1561 1007 1619 aut
1029 1553 1154 1620 oblivio

93 1679 171 1736 mea
212 1668 276 1722 aut
306 1660 463 1724 memoria
493 1660 595 1723 nimia
626 1659 807 1736 videretur,
839 1681 880 1724 ne
915 1657 1060 1742 denique
1094 1667 1155 1723 aut

94 1763 321 1849 neglegentia
358 1765 467 1848 turpis
498 1772 559 1828 ant
582 1763 760 1849 diligentia
790 1763 934 1828 crudelis
969 1770 1208 1848 putaminum

95 1865 166 1930 Sed
191 1875 308 1932 tamen
331 1867 390 1932 abs
422 1874 465 1944 te,
495 1869 677 1953 Torquate,
707 1889 849 1952 quaero:
876 1867 963 1932 Cum
986 1867 1207 1932 indicatus44

96 1977 181 2034 tuus
205 1979 298 2036 esset
321 1973 475 2036 inimicus
498 1981 533 2036 et
554 1979 644 2037 esset
666 1973 739 2037 eius
763 1973 810 2037 rei
834 1973 993 2056 frequens
1016 1979 1153 2036 senatus

98 2083 133 2137 et
146 2097 270 2140 recens
287 2077 445 2140 memoria
461 2078 556 2140 testis
576 2076 716 2161 tibique,
742 2098 815 2142 meo
839 2074 995 2139 familiari
1018 2082 1055 2139 et
1077 2097 1152 2140 oon-

97 2178 282 2257 tubernali,
307 2180 400 2263 prius
423 2181 523 2245 etiarn
539 2181 663 2245 edituri
688 2180 850 2244 indicium
876 2179 1005 2243 fuerint
1027 2179 1153 2244 scrilnae

99 2282 175 2360 mei,
205 2284 236 2348 si
268 2284 442 2359 voluisses,
467 2306 567 2368 qnam
590 2285 625 2347 in
652 2284 801 2348 codicem
832 2283 1054 2360 rettulissent,
1078 2304 1154 2347 cum
1178 2300 1207 2344 as

99 2386 236 2452 videres
274 2388 373 2452 aliter
402 2388 530 2474 referri,
570 2410 629 2452 cur
668 2389 813 2462 tacuisti,
846 2409 962 2470 passus
1001 2409 1046 2462 es,
1086 2409 1152 2450 non

100 2511 235 2555 meeum
258 2500 318 2556 aut
347 2513 424 2555 cum
455 2491 611 2556 familiari
643 2514 717 2557 meo
748 2499 888 2575 questus
917 2512 951 2555 es
979 2498 1048 2566 aut,
1073 2513 1152 2576 quo,-

100 2597 190 2659 niam
224 2603 294 2660 tam
324 2595 422 2661 facile
454 2597 621 2662 inveheris
652 2599 688 2660 in
719 2597 852 2672 amicos
877 2595 1071 2660 iracundius
1094 2603 1155 2659 aut

101 2699 342 2770 vehementius,
353 2701 601 2784 expostulasti?
640 2701 705 2776 Tu,
720 2721 796 2764 cunr
812 2707 872 2763 tna
885 2720 952 2764 vox
968 2721 1152 2784 numquam

101 2803 145 2866 sit
181 2802 311 2879 audita,
351 2825 428 2867 eum
466 2803 590 2868 indicio
628 2804 728 2878 lecto,
767 2803 944 2886 descript0,
977 2801 1153 2889 divulgato
1177 2818 1206 2862 30

103 2908 284 2989 quieveris,
312 2892 482 2983 tacueris,
496 2916 633 2992 repente
662 2915 791 2971 tantam
816 2927 884 2971 rem
915 2907 1095 2970 ementiare
1119 2913 1154 2969 et

103 3010 134 3072 in
151 3033 231 3075 eum
246 3013 358 3075 locum
374 3020 407 3076 te
423 3011 579 3088 deducas,
595 3019 635 3076 ut
649 3020 738 3087 ante,
756 3033 856 3096 quarn
881 3031 933 3074 me
958 3010 1151 3073 commutati

104 3115 216 3182 indicii
240 3118 441 3202 coarguens,
458 3123 492 3180 te
516 3137 663 3180 summae
687 3116 920 3201 neglegentiae
943 3121 1004 3178 tuo
1027 3113 1151 3178 iudicio

104 3222 294 3286 convictum
309 3242 381 3304 esse
403 3219 551 3284 fateare?
1154 3211 1156 3216 ’

124 3327 221 3388 'xVL
247 3324 335 3387 Mihi
367 3325 565 3409 cuiusquam
598 3323 689 3387 salus
714 3323 799 3386 tanti
824 3321 954 3398 fuisset,
983 3330 1023 3386 ut
1045 3343 1153 3386 ineam
1166 3324 1205 3386 45

105 3428 341 3515 neglegerenr?
363 3450 423 3514 per
444 3450 497 3492 me
524 3449 586 3513 ego
612 3428 788 3492 veritatem
814 3426 1016 3510 patefactam
1042 3433 1152 3490 conta-

106 3532 262 3598 minarem
295 3533 411 3618 aliquo
443 3531 643 3596 mendacio?
674 3552 877 3614 quemquam
910 3529 1057 3614 denique
1089 3551 1152 3614 ego

107 3634 262 3713 iurarem,
286 3659 306 3700 a
336 3657 405 3722 quo
437 3644 472 3700 et
497 3644 563 3699 tam
596 3633 740 3698 crudelis
764 3633 902 3697 insidias
927 3632 1153 3716 reipublicae

107 3736 206 3806 factas
238 3748 274 3806 et
305 3761 357 3805 me
390 3740 603 3824 potissimum
634 3738 770 3801 consule
795 3735 974 3820 putarem?
1022 3735 1152 3814 Quodsi
1190 3747 1204 3792 5

108 3841 165 3908 iarn
195 3867 303 3912 essem
345 3844 470 3909 oblitus
509 3843 697 3907 severitatis
736 3849 771 3904 et
808 3838 1015 3904 constantiae
1046 3859 1149 3914 meae,
