2800 4367
36 12 45 187 l

31 232 40 405 l
485 328 567 383 oar.
590 330 679 392 aaa,
703 329 717 393 ς
740 327 827 384 ero.
1158 312 1222 381 313
1265 277 1288 290 “

27 496 34 621 f
107 479 338 569 arbitrantui.
384 501 491 582 Quasi
507 523 587 567 vero
603 502 666 566 Gn.
685 501 883 588 Pompeium
906 523 974 566 non
997 523 1075 568 oum
1098 502 1170 568 suis

107 607 317 684 virtutibus,
334 613 408 672 tum
432 607 534 670 etiam
557 607 676 670 alienis
693 607 785 670 vitiis
810 629 970 693 magnum
994 627 1066 672 esse
1083 605 1172 672 vide
1195 623 1223 668 19

106 736 222 778 amus.
273 711 388 791 Quare
412 710 516 775 nolite
544 709 708 788 dubitare,
726 711 810 795 quin
837 711 914 776 huie
940 712 999 775 uni
1025 709 1167 776 credatis
1182 715 1222 776 68

106 819 238 894 omnia,
252 817 317 902 qui
332 816 421 879 inter
436 822 489 879 tot
502 836 607 879 annos
624 836 712 888 unus
729 816 888 880 iuventus
903 816 958 892 sit,
971 836 1072 899 quem
1087 815 1170 880 sosii

105 924 143 985 in
159 922 272 986 urbes
288 941 366 984 suas
382 939 460 983 eum
475 919 626 984 exercitu
643 920 775 984 venisse
791 919 969 1006 gaudeant.

152 1023 299 1104 Quodsi
321 1022 579 1087 auetoritatibus
605 1022 690 1087 hanc-
717 1044 861 1101 causam,
880 1023 1029 1103 Quirites
1053 1024 1169 1088 confir-

104 1129 278 1194 mandam
291 1128 428 1213 putatis‚
445 1136 499 1193 est
514 1127 608 1192 vobis
632 1134 750 1192 auctor
766 1127 817 1193 vir
833 1128 996 1194 bellorum
1020 1126 1169 1193 omnium

104 1235 412 1317 maximarumque
440 1253 552 1297 rerum
577 1232 810 1316 peritissimus,
828 1232 866 1296 Ρ.
884 1233 1057 1308 Servilius,
1075 1234 1170 1297 euius
1193 1249 1222 1293 25

105 1347 234 1402 tantae
252 1358 304 1401 res
322 1344 436 1423 gestae
452 1344 541 1401 terra
568 1337 718 1420 marique
744 1338 942 1413 extiterunt,
960 1345 1009 1414 ut,
1025 1358 1101 1400 oum
1126 1335 1166 1402 de

105 1443 209 1507 bello
225 1440 430 1518 deliberetis,
443 1449 561 1506 auctor
572 1439 667 1505 vobis
682 1441 817 1526 gravior
833 1462 904 1505 esse
917 1461 1014 1506 nemo
1031 1439 1168 1516 debeat3

106 1555 167 1611 est
202 1547 243 1610 O.
277 1545 391 1622 Curio,
422 1546 562 1610 summis
594 1545 713 1610 vestris
746 1543 915 1610 beneficiis
946 1545 1166 1628 maximisque

107 1651 221 1717 rebus
239 1652 354 1736 gestis,
370 1671 501 1716 summo
517 1650 654 1735 ingenio
665 1657 701 1714 et
716 1649 896 1735 prudentia
912 1648 1093 1732 praeditus
1115 1656 1168 1713 est

110 1756 184 1819 Cn.
213 1755 393 1830 Lentulus
409 1755 445 1817 in
467 1749 541 1838 'quo
572 1775 686 1818 omnes
719 1775 777 1838 pro
809 1753 1022 1838 amplissimis
1051 1754 1170 1818 vestris
1192 1768 1222 1813 3ο

110 1858 303 1924 honoribus
340 1879 508 1922 summum
546 1858 736 1933 eonsilium,
769 1879 934 1922 summam
965 1858 1167 1943 gravitatem

111 1986 192 2028 esse
224 1962 439 2049 cognovistis,
470 1969 522 2026 est
552 1960 591 2026 C.
616 1961 763 2038 Cassius,
790 1962 993 2047 integritate,
1026 1961 1163 2038 virtute,

113 2069 311 2133 constantia
326 2067 500 2153 singulari.
549 2065 660 2144 Quare
678 2065 801 2143 videte,
819 2066 938 2130 horum
961 2066 1167 2136 auetoritati-

114 2174 184 2236 bus
196 2173 330 2236 illorum
347 2171 501 2247 orationi,
515 2172 575 2255 qui
591 2170 806 2247 dissentiunt,
819 2169 1060 2257 responderene
1071 2191 1167 2254 posse

114 2277 306 2342 videamur.
1192 2291 1221 2336 35

165 2398 271 2446 xxlv.
303 2380 398 2460 Quae
427 2402 505 2445 cum
531 2381 578 2443 ita
605 2381 683 2457 sint,
702 2379 740 2443 C.
755 2379 885 2456 Manili,
905 2379 1050 2464 primum
1066 2379 1164 2443 istam
1181 2382 1221 2444 69

117 2493 215 2549 tuam
231 2494 265 2550 te
281 2486 391 2572 legem
406 2492 442 2549 et
457 2484 669 2550 voluntatem
684 2492 720 2549 et
735 2485 936 2549 sententiam
953 2482 1054 2547 laudo
1071 2482 1167 2546 vehe-

119 2591 394 2674 mentissimeque
418 2588 615 2673 eompr0b03
639 2588 760 2654 deinde
778 2596 810 2654 te
827 2589 951 2665 hortor,
970 2595 1009 2652 ut
1032 2593 1167 2652 auctore

119 2695 245 2778 populo
273 2695 423 2758 Romano
447 2715 581 2758 maneas
605 2695 639 2756 in
664 2694 833 2759 sententia
860 2714 945 2758 neve
967 2693 1166 2776 cuiusquam

121 2799 190 2861 vim
216 2805 276 2862 aut
302 2800 410 2862 minas
437 2799 663 2882 pertimescas.
711 2798 862 2862 Primum
891 2799 925 2860 in
942 2805 975 2862 te
993 2797 1073 2862 satis
1097 2818 1168 2861 esse
1205 2811 1220 2856 u

121 2903 222 2964 animi
244 2904 579 2987 perseverantiaeque
603 2903 763 2978 arbitr01·;
788 2902 919 2979 deinde,
936 2923 1014 2967 oum
1037 2909 1165 2966 tantam

121 3005 375 3071 multitudinem
391 3028 468 3070 oum
485 3013 580 3069 tanto
596 3005 711 3069 studio
728 3005 843 3070 adesse
861 3007 1046 3082 videamus
1063 3027 1166 3091 quan-

121 3118 189 3172 tam
211 3112 334 3174 iterum
360 3115 450 3175 nu'no
476 3111 511 3172 in
538 3108 654 3173 eodem
679 3109 812 3174 homine
839 3110 1061 3194 praeficiendo
1078 3109 1167 3175 vide·

122 3237 204 3293 mue,
221 3214 305 3300 quid
327 3221 388 3291 est,
406 3213 498 3299 quod
520 3223 580 3278 aut
595 3213 636 3278 de
654 3235 687 3277 re
704 3221 765 3277 aut
780 3213 820 3278 de
846 3215 1039 3298 perficiendi
1063 3214 1166 3279 facul-

121 3325 188 3383 tate
227 3318 461 3384 dubitemus?v
490 3319 565 3405 Ego
596 3324 720 3394 autem,
760 3317 925 3403 quiequid
962 3328 1014 3384 est
1044 3321 1079 3382 in
1117 3341 1168 3383 me
1193 3335 1220 3379 10

121 3423 234 3498 studii,
251 3425 392 3503 consilii,
416 3423 552 3501 laboris,
569 3423 708 3510 ingenii,
726 3423 890 3507 quioquid
917 3423 979 3487 hoo
1007 3424 1165 3488 beneficio

122 3529 236 3613 populi
249 3528 392 3591 Romani
410 3536 512 3613 atque
528 3529 590 3592 hae
616 3535 783 3612 potestate
809 3527 983 3610 praetoria,
1001 3527 1166 3612 quicquid

123 3634 331 3710 auctoritate,
357 3632 432 3711 fide,
450 3633 640 3698 constantia
664 3653 813 3717 possum,
832 3630 867 3697 id
894 3652 990 3694 omns
1014 3631 1057 3694 ad
1080 3631 1167 3695 hano

123 3760 188 3804 rem
213 3737 453 3802 conficiendam
479 3738 540 3803 tibi
568 3746 602 3802 et
618 3737 744 3823 populo
773 3738 922 3802 Romano
950 3735 1109 3818 polliceor
1131 3757 1169 3799 ao
1193 3749 1220 3792 14

123 3841 235 3908 defero
247 3849 420 3927 testorque
446 3864 559 3907 omnes
585 3842 676 3919 deos,
693 3849 729 3906 et
745 3864 801 3906 eos
826 3841 980 3916 maxime,
1005 3839 1063 3923 qui
1086 3838 1164 3902 huie
1181 3839 1220 3898 70
