2800 4367
446 336 452 347 “
511 356 591 408 etr.
616 356 673 421 aa,
697 357 712 421 s
734 358 807 412 7-11.
1195 345 1236 413 75

131 528 228 613 quod
243 528 390 593 Lentulo
409 538 443 594 et
465 530 540 593 aliis
565 528 801 595 Saturnalibus
823 529 959 595 caedem
984 530 1055 594 fieri
1081 540 1184 616 atque
1208 549 1237 593 25

131 631 251 696 urbem
276 632 409 697 incendi
441 634 598 718 placeret,
623 633 776 720 Cethego
807 634 949 697 nimium
980 633 1016 697 id
1042 635 1181 721 longum

132 734 316 799 videretur.
363 753 397 800 v.
430 738 482 800 Ac
499 759 540 801 ne
556 738 697 823 longum
714 738 768 813 sit,
783 736 944 816 Quirites,
957 738 1095 802 tabellas
1112 762 1184 823 pro-

131 838 216 902 ferri
232 840 401 916 iussimus‚
415 862 501 924 quae
518 862 685 925 equoque
703 841 901 905 dicebantur
916 841 1023 907 datae.
1070 841 1184 907 Primo

131 942 343 1007 ostendimus
372 944 543 1030 Cetheg03
582 946 718 1031 signum
746 947 914 1030 cognovit.
975 946 1045 1011 Nos
1075 948 1182 1011 linum

131 1046 324 1125 incidimus,
349 1049 503 1135 legimus
551 1049 632 1113 Erat
656 1050 820 1133 scriptum
843 1050 948 1134 ipsius
972 1071 1074 1113 manu
1092 1051 1184 1115 Allo
1236 1104 1240 1107 .

132 1152 276 1237 brogum
306 1153 438 1217 senatui
470 1160 505 1217 et
535 1153 660 1238 populo
690 1174 773 1229 sese,
801 1175 886 1237 quae
917 1175 1033 1217 eorum
1063 1155 1222 1239 legatist
1320 1150 1326 1157 ’

131 1256 372 1333 confirmasset,
386 1256 556 1321 facturum
570 1278 660 1332 esse3
684 1278 787 1333 orare,
806 1266 845 1321 ut
861 1258 942 1321 item
959 1258 1007 1320 illi
1024 1257 1181 1334 facerent,

131 1380 223 1443 quae
250 1360 313 1424 sibi
340 1382 456 1424 eorum
487 1361 590 1446 legati
622 1363 836 1445 recepissent.
883 1362 972 1424 Tum
1000 1360 1182 1447 Cethegus,

131 1465 195 1547 qui
212 1464 312 1547 paulo
334 1471 411 1528 ante
435 1464 562 1548 aliquid
589 1471 701 1529 tamen
725 1464 766 1529 de
789 1464 910 1550 gladiis
932 1486 969 1528 ac
992 1466 1079 1540 eicie,
1096 1487 1182 1550 quae

130 1567 227 1653 apud
243 1569 353 1651 ipsum
369 1577 464 1631 erant
487 1568 704 1653 deprehensa,
722 1568 947 1653 respondisset
972 1568 1182 1654 dixissetque

130 1694 169 1736 se
197 1693 328 1757 semper
354 1672 517 1736 bonorum
545 1668 824 1737 ferramentorum
851 1673 1042 1737 studiosum
1069 1673 1184 1750 fuisse,
1209 1692 1237 1736 1o

130 1778 281 1841 recitatis
307 1778 427 1841 litteris
452 1776 645 1841 debilitatus
671 1785 774 1862 atque
802 1778 952 1842 abiectus
980 1779 1190 1843 conscientia·

131 1890 271 1966 repente
288 1882 461 1945 conticuit.
509 1874 728 1945 Introductus
750 1889 802 1945 est
825 1880 1000 1959 Statilius3
1024 1885 1184 1968 cognovit

131 1994 171 2050 et
185 1987 320 2071 signum
336 1992 372 2049 et
387 2006 521 2048 manum
538 2007 643 2049 suam.
692 1987 864 2050 Recitatae
884 1995 967 2050 sunt
989 1987 1131 2052 tabellae
1147 1990 1183 2051 in

131 2089 275 2155 eandem
300 2086 368 2153 iere
392 2091 611 2163 sententiam3
637 2089 810 2153 confessus
835 2098 896 2154 est.
944 2092 1032 2153 Tum
1051 2092 1181 2156 ostendi

132 2192 452 2258 tabellasLentulo
483 2201 517 2257 et
548 2194 711 2277 quaesivi,
735 2180 1002 2280 'cognosceretne
1038 2197 1182 2281 signum.
1209 2217 1236 2259 15

132 2297 279 2361 Adnuit.
334 2297 584 2373 ‘Estvero’,
615 2299 764 2382 inquam,
794 2307 969 2362 ‘notum
1001 2299 1182 2383 quidem

141 2405 333 2489 signum,
373 2404 517 2489 imago
563 2403 636 2468 avi
676 2404 756 2479 tui,
795 2403 1050 2467 clarissimi
1089 2406 1190 2481 viri,

131 2509 211 2595 qui
235 2508 562 2572 amavitunice
595 2507 786 2592 patriam
823 2514 867 2571 et
898 2508 1024 2572 cives
1056 2530 1181 2584 suos;

131 2632 249 2697 quae
293 2610 476 2696 quidem
516 2618 558 2675 te
592 2632 612 2674 a
646 2618 776 2676 tanto
822 2611 997 2677 scelere
1043 2614 1182 2697 etiam

132 2721 255 2780 mut'a
279 2737 497 2781 revocare
524 2714 705 2780 debuit'
733 2714 1038 2801 Leguntureadem
1055 2718 1183 2783 ratione
1198 2723 1233 2784 11

131 2820 177 2884 ad
200 2829 354 2885 senatum
370 2820 593 2907 Allobrogum
611 2821 844 2905 populumque
860 2822 1002 2885 litterae.
1049 2820 1084 2885 si
1101 2823 1183 2907 quid
1207 2840 1234 2885 21

132 2924 175 2989 de
192 2926 244 2990 his
260 2926 357 2990 rebus
373 2925 483 2990 dicere
508 2926 623 3000 vellet,
641 2924 706 2989 ieci
732 2932 942 3010 potestatem.
989 2926 1106 3011 Atque
1125 2929 1181 2992 ille

131 3032 241 3115 primo
256 3030 393 3115 quidem
409 3031 568 3116 negavit3
592 3036 670 3114 post
692 3037 805 3094 autem
827 3030 1014 3115 aliquanto,
1029 3038 1100 3096 toto
1116 3033 1181 3096 iam

132 3134 258 3199 indicio
273 3136 426 3220 exposito
449 3141 551 3219 atque
575 3133 676 3210 edito,
694 3135 862 3210 surrexit3
886 3135 1054 3219 quaesivit
1069 3157 1088 3199 a
1105 3135 1183 3201 Gal-

132 3238 186 3315 lis,
203 3238 287 3323 quid
302 3239 365 3303 sibi
381 3246 470 3303 'esset
485 3260 562 3303 cum
578 3240 628 3315 iis,
646 3260 749 3323 quam
770 3239 812 3303 ob
834 3261 904 3303 rem
928 3238 1065 3303 domum
1087 3261 1180 3304 suam
1205 3259 1234 3301 25

132 3344 315 3418 venissent,
332 3344 480 3427 itemque
497 3364 516 3405 a
533 3342 720 3407 Volturcio.
768 3342 837 3422 Qui
860 3365 938 3407 cum
961 3344 1011 3407 illi
1035 3344 1182 3409 breviter

132 3453 393 3531 constanterque
424 3446 683 3531 respondissent,
708 3468 768 3530 per
797 3469 898 3531 quem
928 3448 971 3512 ad
998 3468 1074 3511 eum
1102 3470 1182 3533 quo

132 3552 289 3635 tiensque
306 3552 486 3627 venissent,
501 3551 780 3635 quaesissentque
797 3551 902 3628 abeo,
921 3552 1048 3615 nihilne
1065 3573 1178 3616 secum

132 3663 222 3719 esset
237 3655 277 3719 de
295 3654 372 3719 fatis
389 3653 563 3740 Sibyllinis
582 3655 726 3730 locutae,
745 3663 816 3718 tum
841 3656 898 3718 ille
921 3655 1034 3719 subito
1056 3656 1179 3720 scelere

133 3759 279 3834 demens
297 3766 425 3843 quanta
447 3759 670 3822 conscientiae
688 3760 740 3822 vis
765 3766 863 3834 esset,
880 3759 1038 3823 ostendit.
1084 3759 1180 3836 Nam,
1204 3776 1234 3821 30

133 3882 210 3925 cum
234 3857 269 3924 id
292 3871 404 3946 posset
427 3862 572 3939 infitiari,
589 3869 725 3946 repente
750 3870 879 3947 practer
902 3864 1092 3946 opinionem
1115 3885 1181 3927 om·
