2800 4367
549 350 629 401 cnr.
653 352 710 414 au,
735 353 749 413 e
772 353 828 403 cs.
1133 303 1137 311 ι
1205 344 1244 407 31

146 531 251 588 tatem
281 530 413 597 vocent,
445 528 573 606 quanto
605 521 741 585 tandem
772 522 886 586 studio
917 522 1022 587 debeo
1054 533 1193 591 naturae
1217 541 1247 585 ao

146 650 239 692 meae
264 624 569 710 consuetudinique
595 625 748 690 servire?
795 626 847 690 Ac
878 626 920 691 de
952 627 1059 691 officio
1083 629 1194 695 defen·

144 733 248 797 sionis
279 752 371 795 meae
402 751 439 793 ac
472 730 512 794 de
543 731 671 795 ratione
702 731 925 794 accusationis
949 739 1026 796 tuae
1050 732 1192 801 fortasse

144 837 245 901 etiam
261 836 326 899 alia
341 836 377 897 in
393 842 487 918 parte
504 834 663 898 orationis
680 833 862 898 dicendum
878 835 973 899 nobis
989 837 1062 900 erit.

189 939 256 1005 Sed
286 962 348 1013 me,
380 938 517 1011 iudices
550 960 617 1001 non
649 940 762 1002 minus
787 938 930 1002 hominis
957 941 1230 1024 sapientissimi?

143 1052 246 1130 atque
269 1043 482 1119 ornatissimi,
516 1040 585 1135 Sffl':
615 1041 755 1127 Sulpici,
787 1045 986 1127 conquestio
1010 1067 1109 1128 quam
1134 1047 1195 1111 Ca·
1216 1066 1245 1110 25

143 1150 231 1214 tonis
262 1148 431 1211 accusatio
464 1146 704 1223 commovebat,
736 1148 795 1231 qui
825 1148 1022 1233 gravissime
1050 1158 1085 1213 et
1107 1172 1194 1215 acer-

143 1251 277 1317 bissime
302 1250 389 1315 ferre
412 1272 447 1315 se
471 1249 560 1313 dixit
584 1272 635 1314 me
661 1248 900 1315 familiaritatis
923 1253 1192 1319 necessitudinis-

143 1379 210 1441 que
227 1356 369 1420 0blitum
395 1375 528 1419 causam
554 1353 591 1417 L.
616 1353 778 1418 Murenae
802 1362 919 1437 eontra
941 1377 976 1420 se
1000 1355 1190 1423 defendere.

144 1459 233 1524 Huic
272 1480 344 1544 ego,
376 1457 514 1533 indicae,
546 1459 628 1523 satis
660 1457 768 1522 facere
807 1459 906 1543 cupio
938 1481 1064 1543 vosque
1103 1461 1193 1526 adhi-

143 1563 219 1628 bere
242 1562 394 1626 arbitros.
441 1560 528 1624 Nam
558 1584 635 1625 cum
658 1583 761 1647 grave
793 1570 845 1626 est
868 1585 946 1627 vere
976 1567 1126 1629 accusari
1157 1568 1192 1630 in
1215 1584 1245 1629 30

142 1668 297 1741 amicitia,
322 1674 406 1740 tum,
428 1666 529 1730 etiam
551 1666 579 1729 si
604 1665 690 1729 falso
711 1668 887 1741 accuseris,
912 1676 1057 1732 nonest
1083 1672 1193 1757 negle-

133 1772 300 1858 gendum.
332 1770 446 1856 ugo,
479 1769 548 1834 Ser.
588 1769 727 1854 Sulpici,
766 1793 818 1835 me
856 1772 892 1834 in
930 1773 1094 1857 petitione
1133 1782 1192 1840 tua
1296 1796 1301 1825 ¹

141 1876 202 1940 tibi
240 1876 351 1938 omnia
381 1874 493 1938 studia
531 1882 633 1959 atque
673 1874 780 1939 officia
811 1897 871 1959 pro
909 1884 1022 1940 nostra
1053 1881 1192 1943 necessi-

141 1978 258 2043 tudine
290 1986 325 2042 et
356 1977 509 2041 debuisse
542 1978 703 2042 confiteor
734 1986 769 2043 et
799 1981 1006 2063 praestitisse
1038 1982 1190 2047 arbitror.

142 2083 235 2145 Nihil
274 2082 335 2147 tibi
374 2082 586 2146 consulatum
624 2084 753 2166 petenti
791 2104 810 2147 a
840 2105 891 2148 me
930 2083 1050 2161 defuit,
1084 2087 1177 2170 quod
1213 2104 1242 2150 ao

140 2194 229 2253 esset
258 2193 318 2251 aut
354 2186 395 2250 ab
432 2187 537 2250 amico
575 2194 636 2250 aut
666 2209 685 2250 a
722 2188 869 2273 gratioso
906 2196 967 2253 aut
1004 2211 1024 2253 a
1054 2193 1190 2257 consule

140 2291 390 2375 postulandum.
437 2289 535 2354 Abiit
562 2290 647 2353 illud
675 2298 828 2375 tempus3
862 2300 991 2356 mutata
1019 2296 1104 2358 ratio
1128 2304 1188 2360 est.

139 2395 194 2459 Sic
219 2396 384 2469 existimo,
410 2394 457 2457 sie
482 2393 563 2457 mihi
594 2394 788 2479 persuadeo,
812 2418 864 2460 me
896 2396 957 2460 tibi
990 2406 1106 2462 contra
1136 2400 1191 2465 ho·

139 2522 253 2566 norem
278 2499 313 2564 L.
334 2498 504 2575 Murenae,
522 2507 688 2584 quantum
712 2508 751 2564 tu
773 2522 793 2564 a
815 2523 867 2566 me
892 2505 1063 2587 postulare
1087 2528 1189 2571 ausus

137 2606 194 2680 sis,
232 2611 366 2668 tantum
404 2602 567 2678 debuisse,
602 2590 723 2667 ‘contra
759 2606 905 2671 salutem
942 2609 1027 2672 nihil
1059 2609 1187 2675 debere.
1211 2627 1241 2671 40

138 2708 258 2793 Neque
296 2708 395 2781 enim,
426 2708 455 2771 si
486 2707 547 2771 tibi
580 2715 663 2780 tum,
697 2730 772 2772 oum
805 2718 935 2794 peteres
967 2714 1188 2786 consulatum,
1219 2718 1239 2779 8

136 2812 242 2888 adfui,
282 2832 371 2875 nunc
413 2832 490 2874 cum
535 2810 713 2875 Murenam
758 2814 868 2897 ipsum
912 2823 1016 2899 petas,
1055 2816 1189 2880 adiutor

136 2917 253 2981 eodem
276 2923 374 3000 pacto
397 2936 467 2979 esse
492 2914 606 2979 debeo.
658 2916 772 3001 Atque
806 2918 867 2982 hoo
891 2940 957 2982 non
991 2919 1088 2983 modo
1120 2921 1188 2983 lau-

136 3021 217 3097 dari,
243 3020 302 3085 sed
332 3042 374 3085 ne
406 3018 543 3083 concedi
575 3020 712 3105 quidem
746 3029 865 3106 potest,
900 3031 938 3086 ut
968 3025 1081 3088 amicis
1115 3047 1188 3089 nos·

136 3126 196 3190 tris
221 3124 455 3190 accusantibus
481 3146 547 3188 non
581 3127 682 3190 etiam
705 3126 924 3191 alienissimos
957 3127 1185 3193 defendamus
1209 3147 1238 3190 45

77 3300 82 3313 ³
135 3246 185 3293 IV.
225 3228 312 3292 Mihi
348 3236 462 3293 autem
501 3252 578 3293 cum
618 3229 771 3305 Murena,
811 3230 948 3306 iudices,
988 3240 1024 3295 et
1064 3255 1186 3318 magna

135 3342 170 3398 et
200 3340 299 3399 vetus
337 3334 483 3397 amicitia
521 3341 583 3409 est,
618 3356 703 3419 quae
742 3336 777 3397 in
814 3336 933 3419 capitis
971 3335 1183 3401 dimicatione

134 3459 154 3502 a
184 3436 254 3502 Ser.
277 3436 428 3521 Sulpicio
451 3460 517 3501 non
541 3437 664 3502 idcireo
688 3438 857 3514 obruetur,
883 3438 974 3524 quod
1000 3440 1043 3503 ab
1069 3440 1185 3505 eodem

134 3542 170 3605 in
193 3541 326 3605 honoris
352 3543 566 3605 contentione
598 3547 756 3625 superata
780 3551 841 3606 est.
900 3542 995 3621 Quae
1026 3545 1054 3606 si
1084 3566 1185 3609 causa

36 3684 39 3694 ·
134 3668 202 3709 non
240 3654 339 3721 esset,
373 3654 484 3710 tamen
517 3646 570 3710 vel
605 3645 753 3732 dignitas
788 3645 931 3710 hominis
971 3648 1025 3711 vel
1056 3647 1221 3713 honorisn

134 3751 217 3825 cius,
261 3772 363 3834 quem
406 3749 547 3834 adeptus
588 3757 650 3825 est,
685 3749 872 3834 amplitudo
914 3772 1063 3815 summae
1103 3754 1193 3822 mihi

132 3842 308 3939 'superbiae
348 3853 629 3938 crudelitatisque
661 3853 785 3917 famam
806 3854 994 3930 inussisset,
1025 3857 1054 3919 si
1081 3856 1183 3920 homi-
