2800 4367
490 372 545 422 ar.
571 370 633 433 1v.‚
657 372 672 434 ς
696 372 751 422 1-a.
1128 357 1191 422 147

92 567 232 610 uxorem
246 544 427 610 Memmius
437 545 507 608 suis
518 543 620 607 sacris
632 541 793 617 initiavit,
807 540 984 608 Menelaus
996 563 1094 629 aegra
1105 541 1141 606 id

92 672 209 734 passus
234 649 421 714 divortium
448 647 539 724 fecit,
567 667 772 732 quamquam
793 646 850 711 ille
873 653 988 731 pastor
1020 646 1142 712 idaeus
1164 659 1194 704 ⁵0

95 754 286 818 Menelaum
316 752 427 817 solum
454 758 709 836 contempserat,
738 750 792 815 hic
806 759 920 816 noster
952 751 1047 816 Paris
1071 760 1140 816 tam

95 859 286 923 Menelaum
302 879 404 943 quam
425 856 714 943 Agamemnonem
736 856 877 921 liberum
902 876 970 920 non
993 857 1138 940 putavit.

96 963 159 1027 Est
183 970 295 1027 autem
322 961 361 1026 C.
390 961 583 1026 Herennius
610 959 748 1045 quidam
776 959 932 1024 tribunus
956 961 1014 1044 pl,
1040 983 1141 1046 quem
1162 963 1182 1023 4

98 1075 137 1131 tu
170 1067 309 1132 fortasse
348 1088 390 1130 ne
428 1065 518 1130 nosti
552 1063 881 1148 quidem-tametsi
910 1071 1005 1148 potes
1032 1085 1138 1140 nosse,

98 1172 226 1236 tribulis
248 1173 339 1235 enim
361 1179 441 1234 tuus
463 1175 572 1233 estet
593 1167 728 1243 Sextus,
752 1157 847 1252 pater
874 1169 956 1246 eius,
986 1190 1139 1234 nummos
1164 1180 1194 1224 ⁵5

99 1275 187 1339 vobis
217 1274 366 1339 dividere
397 1273 597 1338 solebat-2
621 1273 650 1336 is
681 1271 725 1334 ad
752 1271 882 1356 plebem
911 1272 949 1335 P.
981 1272 1138 1338 Clodium

99 1378 239 1443 traducit
254 1378 413 1463 idemque
435 1376 511 1454 fert,
527 1384 567 1441 ut
590 1378 767 1461 universus
793 1376 938 1461 populus
964 1378 1000 1440 in
1024 1398 1140 1462 campo

103 1483 220 1547 Martio
234 1482 437 1569 suffragium
452 1480 494 1545 de
510 1503 544 1545 re
561 1479 674 1544 Clodii
697 1479 804 1557 ierat;
827 1480 918 1545 hunc
942 1501 1004 1567 ego
1028 1483 1140 1566 accepi

100 1589 132 1650 in
147 1595 272 1664 senatu,
288 1595 330 1652 ut
355 1588 457 1663 soleo,
475 1584 535 1650 sed
563 1586 646 1650 nihil
674 1592 728 1650 est
753 1586 813 1649 illo
840 1585 974 1651 homine
1002 1587 1138 1652 lentius.

100 1692 254 1757 Metellus
270 1699 323 1756 est
338 1689 459 1755 consul
474 1691 630 1776 egregius
647 1699 682 1755 et
698 1711 758 1755 nos
774 1698 873 1767 amat,
890 1689 950 1754 sed
968 1691 1142 1755 imminuit
1163 1695 1182 1756 5

101 1798 327 1860 auctoritatem
343 1816 449 1870 suam,
462 1792 554 1879 quod
569 1793 671 1858 habet
685 1793 768 1858 dicis
781 1815 880 1858 causa
891 1795 1143 1881 promulgatum
1165 1815 1193 1860 61

102 1899 180 1963 illud
205 1899 295 1964 idem
322 1898 364 1964 de
393 1896 533 1972 Clodi0;
557 1898 641 1960 Auli
657 1905 771 1964 autern
795 1898 931 1976 filius,o
954 1899 989 1961 di
1012 1899 1142 1963 immor·

102 2003 194 2069 tales!
218 2027 319 2089 quam
336 2006 480 2090 ignavus
497 2024 534 2067 ac
550 2003 621 2066 sine
638 2003 749 2067 animo
762 2002 873 2067 miles!
891 2024 993 2088 quam
1005 2003 1139 2090 dignus,

102 2110 153 2192 qui
170 2109 339 2184 Palicano,
355 2109 445 2172 sicut
460 2106 552 2182 iacit,
569 2127 606 2169 os
618 2105 661 2169 ad
672 2106 757 2170 male
771 2105 976 2172 audiendum
989 2109 1139 2192 quotidie

102 2212 266 2297 praebeat!
290 2214 421 2300 agraria
446 2219 558 2275 autern
583 2211 638 2274 lex
662 2211 873 2296 promulgata
896 2219 948 2276 est
970 2225 989 2275 a
1013 2213 1140 2290 Flavio,
1163 2213 1183 2274 6

102 2340 173 2382 saue
196 2319 292 2394 levis,
309 2317 426 2382 eadem
454 2315 534 2389 iere,
552 2335 638 2398 quae
667 2313 734 2377 fuit
759 2314 879 2378 Plotia.
926 2314 993 2381 Sed
1014 2318 1142 2382 interea
1164 2338 1194 2382 oc

103 2423 230 2487 πολιτικὸς
259 2426 330 2495 ἀνὴρ
357 2421 416 2477 οὐδ’
444 2424 514 2497 ὄναρ
540 2420 719 2503 quisquam
750 2420 893 2483 inveniri
925 2427 1038 2503 potest
1047 2447 1055 2497 3
1081 2423 1140 2507 qui

102 2529 232 2604 poterat,
260 2520 436 2586 familiaris
459 2523 682 2587 noster—sic
707 2531 758 2586 est
780 2524 888 2587 euim:
918 2525 994 2588 volo
1021 2525 1083 2590 hoc
1107 2535 1139 2592 te

103 2625 422 2710 scire—Pompeius
438 2627 589 2712 togulam
605 2627 696 2690 illam
717 2627 840 2710 pictam
864 2628 1001 2692 silentio
1025 2636 1141 2696 tuetur
1219 2624 1224 2636 ’

104 2750 205 2805 suam3
230 2729 373 2794 Crassus
389 2729 529 2794 verbum
545 2732 676 2794 nullum
693 2738 809 2796 contra
828 2732 967 2818 gratiam
981 2757 989 2808 ;
1014 2742 1141 2800 ceteros
1165 2749 1194 2796 ro

104 2833 160 2897 iarn
174 2835 271 2910 nosti,
290 2835 350 2920 qui
366 2835 413 2899 ita
437 2842 519 2900 sunt
541 2836 650 2911 stulti,
667 2842 707 2899 ut
722 2837 842 2899 amissa
862 2858 897 2900 re
921 2835 1055 2920 publica
1077 2841 1141 2923 pis-

105 2938 183 3004 cinas
198 2961 276 3004 suas
293 2938 365 3003 fore
380 2940 490 3005 salvas
506 2961 637 3024 sperare
651 2937 840 3004 videantur.
899 2939 995 3006 Unus
1007 2949 1067 3018 est,
1081 2945 1140 3028 qui
1164 2944 1182 3004 7

106 3050 188 3121 curet
213 3045 404 3109 constantia
431 3045 536 3130 magis
563 3052 599 3108 et
624 3043 820 3130 integritate
850 3065 961 3128 quam,
989 3053 1029 3109 ut
1047 3047 1140 3134 mihi

107 3146 236 3226 videtur,
254 3149 394 3213 consilio
418 3158 478 3213 aut
500 3149 646 3234 ingenio,
671 3148 767 3224 Cato,
792 3169 850 3233 qur
875 3149 1011 3215 miseros
1034 3152 1141 3235 publi-

38 3288 39 3291 =
107 3270 200 3329 canos,
217 3275 302 3339 quos
319 3252 437 3317 habuit
451 3254 697 3318 amantissimos
722 3254 785 3328 sui,
804 3254 943 3317 tertium
966 3255 1031 3318 iam
1054 3277 1143 3320 men·
1165 3275 1194 3322 75

107 3374 164 3418 sem
178 3366 279 3423 vexat
291 3379 400 3442 neque
417 3357 458 3420 iis
474 3379 493 3420 a
509 3364 628 3420 senatu
642 3378 837 3440 responsum
846 3356 917 3420 dari
930 3359 1075 3443 patitur:
1094 3361 1141 3426 ita

108 3479 156 3524 nos
169 3463 319 3548 cogimur
333 3461 472 3546 reliquis
488 3459 529 3524 de
546 3460 645 3525 rebus
658 3461 744 3523 nihil
756 3460 943 3536 decernere,
957 3470 1139 3548 antequam

109 3563 277 3644 publicanis
293 3587 489 3650 responsum
506 3566 569 3640 sit;
594 3586 696 3649 quare
714 3566 816 3628 etiarn
840 3565 1025 3651 legationes
1042 3569 1141 3634 reiec-

110 3671 167 3730 tum
181 3671 220 3732 iri
243 3678 338 3754 puto.
385 3669 484 3733 Nunc
509 3668 613 3744 vides,
638 3667 760 3751 quibus
784 3667 943 3733 fluctibus
966 3671 1138 3750 iactemur,
1162 3673 1180 3732 8

111 3777 144 3846 et,
154 3774 178 3836 si
194 3796 234 3838 ex
250 3776 302 3851 iis,
315 3796 404 3859 quae
420 3773 614 3858 scripsimus
631 3779 736 3848 tanta,
750 3772 851 3836 ctiam
864 3794 883 3836 a
896 3795 946 3837 me
961 3795 1026 3839 non
1042 3778 1141 3862 scrip·
1163 3791 1192 3836 ao

111 3878 319 3964 taperspicis,
343 3879 450 3944 revise
474 3898 535 3942 nos
557 3874 739 3961 aliquando
763 3883 807 3952 et,
832 3897 1034 3964 quamquam
1060 3889 1141 3948 sunt
