2800 4367
208 326 272 390 224
555 336 629 387 rao
650 337 681 386 r.
705 335 832 386 srs'rro
854 335 1002 387 enarro.

259 510 371 598 gravis
394 515 429 574 ct
453 508 611 572 honestos
636 506 800 583 homines,
819 505 880 572 sed
903 507 1021 591 populi
1047 505 1180 573 iudiciis
1202 513 1315 591 atque

259 616 351 680 omni
376 613 620 700 significatione
646 610 819 676 florebant.
866 610 930 676 His
955 612 990 674 in
1016 611 1147 678 theatro
1171 611 1317 698 plaude·

258 720 368 795 batur,
384 719 420 781 hi
434 715 615 803 suffragiis,
629 715 721 800 quod
738 715 990 792 contenderant,
1003 716 1315 801 consequebantur,

258 823 378 888 horum
404 821 555 886 homines
586 841 719 896 nomen,
746 820 940 896 oraticnem,
966 821 1111 897 vultum,
1138 822 1316 886 incessum

206 945 236 990 aa
257 926 424 992 amabant.
468 924 539 1005 Qui
560 932 674 989 autem
696 924 959 990 adversabantur
982 926 1014 990 ei
1036 927 1161 1012 generi,
1184 947 1316 1012 graves

258 1039 294 1097 et
309 1031 422 1117 magni
446 1029 598 1094 homines
620 1027 848 1105 habebantur3
871 1029 931 1094 sed
947 1029 1104 1094 valebant
1126 1031 1161 1093 in
1184 1037 1317 1096 senatu

258 1137 414 1211 multum,
436 1133 529 1220 apud
554 1133 658 1199 bonos
684 1134 775 1199 viros
805 1134 998 1218 plurimum,
1024 1133 1238 1198 multitudini
1266 1135 1319 1198 iu-

258 1239 361 1305 cundi
387 1246 585 1315 nouerant,
610 1236 781 1324 suffragiis
806 1237 1040 1303 offendebatur
1065 1259 1162 1322 saepe
1190 1259 1317 1302 eorum

259 1345 435 1419 voluntas3
459 1344 618 1428 plausum
632 1364 713 1408 vero
729 1343 829 1407 etiam
845 1344 875 1407 si
892 1344 968 1427 quis
985 1363 1099 1407 eorum
1122 1341 1317 1427 aliquando

206 1464 236 1510 ac
256 1454 438 1532 acceperat,
451 1468 494 1512 ne
511 1447 596 1532 quid
609 1453 789 1532 pensasset,
802 1446 1065 1531 pertimescebat.
1111 1446 1163 1511 Ac
1180 1454 1316 1523 tamen,

257 1554 389 1637 siquae
404 1573 456 1615 res
472 1558 545 1616 erat
560 1553 673 1627 maior,
689 1551 779 1615 idern
802 1547 860 1616 ille
883 1551 1028 1636 populus
1052 1551 1171 1615 horum
1193 1558 1319 1617 aucto-

258 1657 356 1721 ritate
372 1656 516 1721 maxime
532 1655 813 1720 commovebatur.

187 1763 246 1826 106
300 1778 331 1823 n.
362 1759 473 1835 Nunc,
489 1759 555 1823 nisi
570 1781 623 1824 me
638 1759 738 1835 fallit,
755 1760 790 1822 in
813 1782 852 1825 eo
875 1767 967 1825 statu
990 1761 1109 1826 civitas
1131 1768 1193 1837 est,
1209 1768 1266 1838 ut,
1286 1763 1317 1826 si

258 1886 374 1950 operas
390 1863 635 1928 conductorum
656 1865 849 1940 removeris,
866 1887 980 1929 omnes
1004 1864 1093 1929 idern
1115 1863 1156 1929 de
1172 1887 1207 1929 re
1227 1865 1318 1950 pub

258 1970 323 2033 lica
338 1969 469 2034 sensuri
485 1990 556 2034 esse
574 1968 763 2033 videantur.
811 1969 944 2033 Etenim
961 1969 1068 2034 tribus
1084 1970 1164 2034 locis
1181 1970 1318 2056 signifi-

260 2075 326 2137 cari
343 2075 486 2138 maxime
502 2073 543 2138 de
559 2096 593 2138 re
614 2073 749 2158 publica
771 2075 889 2160 populi
914 2075 1057 2140 Romani
1080 2074 1249 2140 iudicium
1275 2097 1315 2140 ac

221 2179 415 2243 avoluntas
441 2186 562 2264 potest,
587 2179 753 2255 contione,
779 2181 933 2256 comitiis,
959 2179 1115 2244 ludorum
1145 2179 1317 2265 gladiato

258 2304 402 2367 rumque
417 2303 585 2348 consessu.
625 2283 721 2362 Quae
735 2284 846 2347 contio
862 2283 930 2348 fuit
945 2306 1004 2368 per
1014 2284 1075 2348 hos
1091 2304 1207 2359 annea,
1219 2306 1314 2368 quae

259 2387 396 2472 quidem
422 2394 511 2452 esset
538 2407 604 2450 non
631 2387 808 2464 conducta,
832 2387 892 2452 sed
919 2409 1006 2462 vera,
1031 2389 1066 2450 in
1093 2410 1161 2472 qua
1188 2390 1315 2473 populi

259 2491 400 2556 Romani
416 2502 598 2555 consensus
622 2493 765 2576 perspici
789 2513 856 2556 non
879 2492 1015 2576 posset?
1063 2492 1207 2556 Habitae
1224 2501 1316 2557 sunt

258 2597 384 2661 multae
400 2594 441 2659 de
457 2616 509 2659 me
525 2616 545 2658 a
560 2593 744 2680 gladiatore
768 2597 1033 2672 sceleratissime,
1049 2596 1091 2661 ad
1108 2618 1191 2682 quas
1207 2619 1315 2662 nemo

207 2711 235 2756 10
256 2696 370 2762 adibat
384 2697 609 2780 incorruptus,
626 2716 724 2759 nemo
747 2696 898 2782 integer3
925 2718 1022 2761 nemo
1046 2696 1143 2760 illum
1165 2695 1314 2762 foedum

258 2801 392 2863 vultum
418 2800 575 2883 aspicere,
603 2818 701 2863 nemo
727 2798 882 2864 furialem
909 2822 1026 2866 vocem
1057 2800 1161 2865 bonus
1189 2801 1314 2866 audire
1372 2865 1373 2868 ,

161 2913 164 2917 ’
257 2910 397 2988 poterat.
459 2903 565 2966 Erant
591 2903 668 2967 illae
694 2904 867 2967 contiones
894 2904 1101 2988 perditorum
1130 2904 1313 2970 hominum

188 3011 243 3072 107
256 3002 441 3072 necessario
464 3006 688 3071 turbulentae.
736 3007 866 3072 Habuit
892 3007 933 3072 de
957 3008 1074 3074 eodem
1098 3030 1149 3074 me
1165 3007 1205 3072 P.
1222 3008 1315 3074 Len-

258 3113 352 3176 tulus
368 3111 487 3175 consul
507 3113 718 3184 contionem
742 3132 924 3176 concursus
949 3120 1000 3176 est
1023 3114 1139 3198 populi
1163 3115 1312 3178 Romani

182 3230 235 3276 '15
257 3215 378 3292 factus,
394 3237 509 3280 omnes
528 3215 670 3292 ordines,
687 3223 760 3280 tota
782 3217 819 3280 in
842 3217 900 3280 illa
923 3219 1079 3283 contione
1104 3218 1203 3282 Italia
1232 3240 1314 3282 con-

171 3405 175 3412 ·
258 3321 356 3384 stitit.
411 3320 494 3406 Egit
520 3341 655 3384 causam
686 3342 817 3385 summa
844 3343 920 3385 cum
954 3323 1119 3406 gravitate
1142 3323 1311 3407 copiaque

258 3422 393 3489 dicendi
409 3430 504 3488 tanto
520 3423 664 3499 silentio,
682 3431 777 3487 tanta
791 3424 1028 3508 adprobatione
1045 3427 1204 3501 omnium,
1221 3427 1312 3490 nihil

259 3537 300 3593 ut
311 3547 473 3612 umquam
489 3525 661 3591 videretur
683 3534 752 3590 tam
775 3529 935 3612 populare
959 3528 1002 3593 ad
1025 3530 1140 3614 populi
1164 3530 1310 3594 Romani

258 3653 356 3697 aures
381 3630 552 3696 accidisse.
599 3630 790 3694 Productus
819 3640 870 3696 est
896 3632 938 3696 ab
964 3654 1003 3697 eo
1027 3633 1089 3696 Cn.
1114 3632 1309 3717 Pompeius,

206 3755 236 3800 ac
258 3739 316 3824 qui
332 3759 368 3802 se
384 3758 453 3800 non
467 3737 577 3800 solum
593 3743 764 3799 auctorem
780 3757 870 3800 meae
887 3736 1016 3813 salutis,
1034 3738 1209 3802 sedetiam
1231 3760 1310 3823 sup-

259 3841 382 3929 plicem
412 3839 566 3926 praebuit
595 3839 721 3925 populo
760 3840 919 3905 Romano.
977 3841 1091 3908 Huius
1128 3842 1234 3908 oratio
1269 3850 1309 3909 ut
