2800 4367
175 295 240 364 104
522 307 595 360 rao
617 305 649 360 Ρ.
672 305 796 360 suam
818 304 969 358 omno.

225 479 445 556 sermonibus,
461 500 579 544 verum
602 479 704 544 etiam
727 485 866 562 aspectu
889 484 994 562 atque
1019 475 1130 552 vultu,
1153 483 1195 540 ut
1217 476 1275 538 ini·

226 587 332 650 micus
355 605 428 650 esse
459 583 675 668 amplissimis
697 581 881 658 ordinibus,
905 579 1052 646 infestus
1083 579 1179 644 bonis
1212 601 1276 644 om·

175 707 205 752 aa
227 689 335 765 nibus,
351 688 457 752 hostis
480 687 605 772 patriae
630 684 820 762 videretur3
843 685 897 750 hic
920 706 956 750 se
975 686 1024 749 ita
1046 683 1195 749 fractum
1219 684 1275 747 illa

227 793 415 858 calamitate
445 801 548 875 atque
578 787 753 854 adflictum
784 790 929 875 putavit,
961 796 1002 853 ut
1032 789 1117 852 nihil
1141 787 1208 853 sibi
1235 810 1275 852 ex

227 897 369 982 pristina
400 894 566 982 dignitate
604 915 777 980 superesse
817 893 1045 970 arbitraretur,
1083 894 1150 957 nisi
1185 892 1277 978 quod

177 1005 214 1067 16
230 999 394 1066 modestia
423 999 627 1064 retinuisset.
674 997 748 1063 Hac
772 998 909 1080 veroin
933 997 1166 1062 coniuratione
1194 996 1277 1081 quid

227 1113 294 1168 tam
312 1105 530 1168 coniunctum
546 1124 649 1188 quam
665 1102 722 1167 ille
739 1123 817 1166 cum
834 1101 991 1178 Catilina,
1009 1123 1087 1166 cum
1104 1100 1275 1165 Lentulo?
1374 1143 1375 1186 ;

175 1224 206 1269 ao
227 1230 313 1294 quae
337 1215 431 1274 tanta
453 1207 595 1272 societas
622 1207 701 1271 ullis
733 1208 821 1272 inter
851 1228 887 1271 se
918 1228 1030 1272 rerum
1062 1206 1275 1290 optimarum,

227 1319 355 1397 quanta
377 1313 408 1376 ei
431 1333 509 1376 cum
533 1311 600 1376 illis
622 1311 768 1388 sceleris,
793 1309 953 1387 libidinis,
976 1309 1163 1374 audaciae?
1186 1309 1277 1396 quod

227 1415 393 1503 flagitium
417 1414 585 1479 Lentulus
606 1436 675 1479 non
697 1436 775 1479 cum
793 1415 962 1479 Autronio
978 1413 1160 1498 concepit?
1185 1413 1277 1499 quod

145 1540 151 1550 ¹
226 1521 299 1584 sine
322 1518 438 1585 eodem
462 1519 521 1583 illo
538 1517 687 1583 Catilina
711 1517 842 1583 facinus
865 1517 1024 1583 admisit?
1046 1540 1124 1584 oum
1140 1519 1276 1582 interim

227 1622 323 1687 Sulla
345 1644 423 1687 cum
445 1621 572 1688 eisdem
595 1622 663 1686 illis
683 1643 751 1685 non
773 1621 871 1686 modo
893 1629 1025 1687 noctem
1046 1621 1277 1688 solitudinem-

84 1813 87 1816 *
175 1743 205 1788 35
227 1749 294 1812 que
325 1749 392 1792 non
422 1734 607 1813 quaereret,
630 1725 691 1791 sed
715 1748 756 1792 ne
781 1725 940 1791 mediocri
963 1725 1101 1812 quidem
1124 1749 1276 1792 sermone

177 1835 214 1898 1⁷
228 1839 264 1896 et
286 1853 469 1920 congressu
491 1833 763 1918 coniungeretur.
810 1830 914 1894 Illum
937 1830 1149 1918 Allobroges
1174 1831 1276 1894 maxi·

229 1958 357 2001 marum
380 1959 490 2002 rerum
522 1937 688 2000 verissimi
719 1934 855 2012 indices,
881 1936 977 1999 illum
1008 1936 1193 1999 multorum
1223 1935 1276 1998 lit

228 2049 317 2106 terae
332 2063 371 2105 ao
388 2042 499 2105 nuntii
516 2047 763 2128 coarguerunt3
790 2039 919 2104 Sullam
941 2041 1068 2104 interea
1083 2061 1182 2105 nemo
1198 2041 1275 2103 insi-

228 2145 379 2222 mulavit,
397 2167 494 2211 nemo
510 2147 706 2210 nominavit.
754 2144 929 2209 Postremo
945 2145 1051 2209 eiecto
1066 2145 1138 2210 sive
1155 2145 1275 2208 emisso

178 2264 208 2308 40
231 2239 295 2312 iam
318 2272 360 2314 ex
384 2249 465 2314 urbe
490 2249 638 2314 Catilina
661 2250 718 2314 ille
750 2270 841 2312 arma
872 2250 973 2325 misit,
998 2236 1138 2326 cornua,
1166 2247 1273 2324 tubas

228 2351 344 2429 fasces,
380 2355 487 2440 signa,
527 2353 585 2418 ilie
623 2353 761 2418 relictus
801 2355 902 2430 intus,
943 2360 1144 2438 expectatus
1182 2352 1273 2428 foris

228 2456 366 2522 Lentuli
392 2479 499 2542 poena
525 2479 735 2542 compressus
761 2459 928 2522 convertit
954 2479 989 2522 se
1020 2455 1203 2542 aliquando
1232 2455 1274 2520 ad

228 2561 390 2638 timorem,
434 2582 618 2647 numquam
657 2560 700 2624 ad
742 2563 940 2636 sanitatem3
979 2561 1033 2626 hic
1074 2568 1193 2625 contra
1229 2561 1275 2624 ita

229 2665 369 2748 quievit,
387 2672 428 2730 ut
449 2688 489 2730 eo
512 2675 660 2750 tempore
684 2666 775 2729 omni
799 2665 941 2749 Neapoli
958 2664 1070 2742 fuerit,
1088 2665 1146 2730 ubi
1165 2685 1273 2749 neque

176 2783 206 2844 45
228 2767 379 2834 homines
402 2769 507 2835 fuisse
530 2777 697 2855 putantur
720 2769 822 2833 huius
853 2768 979 2834 adfines
1009 2769 1211 2854 suspicionis
1241 2775 1274 2832 et

227 2872 321 2936 locus
341 2880 393 2938 est
416 2874 485 2958 ipse
502 2896 568 2938 non
586 2881 655 2938 tam
671 2873 714 2937 ad
731 2871 987 2939 inflammandos
1003 2875 1272 2938 calamitosorum
1314 2911 1322 2916 -

227 2977 356 3041 animos
382 2998 484 3061 quam
510 2977 553 3042 ad
578 2976 798 3042 consolandos
826 2977 1105 3043 accommodatus.

272 3089 322 3141 VI.
369 3078 512 3164 Propter
527 3080 611 3145 hano
628 3082 734 3168 igitur
751 3089 879 3145 tantam
896 3081 1206 3147 dissimilitudinem
1221 3081 1274 3144 ho

228 3183 357 3246 minum
394 3190 496 3267 atque
534 3206 710 3249 causarum
736 3184 934 3250 dissimilem
965 3207 1016 3251 me
1056 3186 1090 3248 in
1130 3194 1271 3270 utroque

178 3290 215 3351 18
230 3285 376 3370 praebui.
423 3285 591 3352 Veniebat
621 3290 710 3353 enim
752 3288 795 3353 ad
830 3311 893 3366 me,
925 3297 961 3354 et
994 3311 1092 3374 saepe
1120 3289 1273 3354 veniebat

228 3390 418 3454 Autronius
444 3391 561 3456 multis
590 3415 668 3457 cum
693 3394 838 3458 lacrimis
864 3394 1019 3479 supplex,
1036 3400 1077 3457 ut
1100 3415 1136 3458 se
1162 3392 1273 3458 defen-

184 3509 206 3554 s
228 3493 352 3571 dorem,
380 3502 473 3560 etse
501 3518 612 3560 meum
637 3496 907 3583 condiscipulum
937 3499 972 3561 in
999 3499 1154 3583 pueritia,
1184 3497 1274 3561 fami·

228 3599 344 3663 liarem
365 3599 399 3662 in
425 3599 663 3679 adulescentia,
680 3602 846 3689 collegam
872 3603 905 3666 in
930 3610 1113 3687 quaestura
1137 3623 1274 3666 comme-

228 3702 379 3767 morabat
408 3702 532 3781 fuisse3
567 3706 674 3770 multa
705 3727 778 3771 mea
809 3709 844 3770 in
875 3728 919 3781 se,
952 3728 1019 3771 non
1050 3707 1143 3770 nulla
1174 3708 1272 3770 etiem

228 3828 290 3871 sua
317 3807 353 3870 in
379 3829 431 3873 me
462 3808 654 3892 proferebat
679 3809 796 3872 officia.
845 3809 976 3885 Quibus
1004 3831 1067 3893 ego
1094 3808 1202 3884 rebus,
1229 3811 1273 3870 iu-
