2800 4367
472 366 553 420 oar.
578 365 667 434 1000,
690 365 706 430 s
728 367 816 419 0000.
1144 356 1209 422 309

97 542 285 609 relaturos.
342 539 411 620 Qui
438 540 469 605 si
497 538 703 604 dubitabunt
735 545 796 604 aut
829 539 1070 626 gravabuntur,
1094 563 1157 628 ego

100 671 158 714 me
175 647 336 733 profiteor
351 646 555 720 relaturum3
579 666 690 730 neque
708 667 759 709 me
776 644 937 730 impediet
952 647 1154 731 cuiusquam

102 753 283 816 inimicum
306 749 465 827 edietum,
482 751 678 835 quominus
695 749 791 816 vobis
814 748 922 814 fretus
939 757 1089 815 vestrum
1106 753 1158 817 ius
1181 767 1211 814 ³0

102 856 375 940 beneficiumque
391 853 582 931 defendam,
599 877 709 939 neque
725 861 859 939 praeter
881 855 1154 922 intercessionem

103 964 291 1046 quiequam
321 960 465 1035 audiam,
490 959 532 1024 de
556 979 633 1043 qua,
657 965 698 1023 ut
729 957 879 1035 arbitror,
905 960 962 1024 isti
996 961 1069 1045 ipsi,
1095 964 1170 1046 qui·

105 1067 288 1140 minantur,
305 1065 406 1129 etiam
421 1071 523 1149 atque
540 1065 652 1141 etiam,
663 1063 748 1148 quid
764 1064 873 1141 lioeat,
885 1065 1155 1132 considerabunt.

27 1156 28 1201 ³
105 1171 187 1234 Mea
203 1169 341 1254 quidem
356 1170 534 1244 sententia,
550 1167 710 1247 Quirites
729 1190 816 1233 unus
834 1169 876 1231 A.
893 1168 1057 1235 Gabinius
1074 1171 1155 1236 belli

104 1274 266 1338 maritimi
278 1294 458 1359 rerumque
471 1281 643 1361 gestarum
657 1271 720 1336 Gn.
736 1272 897 1357 Pompeio
911 1274 1018 1338 socios
1028 1276 1160 1341 ascribi·
1182 1293 1211 1337 ss

105 1388 175 1468 tur,
187 1386 363 1464 propterea
378 1377 470 1462 quod
486 1378 641 1442 alteruni
658 1376 745 1441 illud
761 1376 888 1442 bellum
903 1379 1156 1465 suscipiendum

104 1484 228 1549 vestris
255 1480 427 1568 suffragiis
452 1481 587 1555 detulit,
604 1481 690 1546 alter
720 1481 871 1547 delatum
894 1491 1156 1571 susceptumque

105 1586 265 1652 confecit

151 1709 216 1754 xx.
241 1690 424 1775 Reliquum
439 1697 500 1766 est,
518 1698 558 1754 ut
573 1689 614 1755 de
634 1690 675 1769 Q.
693 1690 808 1755 Catuli
824 1693 1022 1758 auctoritate
1039 1703 1073 1759 et
1088 1717 1160 1760 sen·
1172 1699 1211 1761 59

105 1797 216 1862 tentia
248 1794 429 1859 dicendum
466 1816 539 1859 esse
570 1794 736 1860 videatur.
783 1796 853 1875 Qui
888 1819 964 1862 oum
997 1820 1039 1862 ex
1063 1799 1156 1864 vobis

106 1907 294 1986 quaereret,
318 1901 346 1964 si
368 1901 405 1963 in
428 1919 497 1963 uno
521 1898 584 1964 Cn.
609 1899 769 1985 Pompeio
793 1902 904 1965 omnia
925 1904 1104 1986 poneretis
1128 1906 1157 1968 si

105 2004 192 2090 quid
214 2027 254 2069 eo
287 2002 416 2068 factum
440 2011 538 2080 esset,
563 2006 691 2090 inquo
723 2026 817 2090 spem
849 2007 965 2070 essetis
997 2005 1153 2084 habituri,

105 2111 199 2194 oepit
232 2129 392 2196 magnum
425 2129 505 2173 suae
551 2111 687 2176 virtutis
722 2109 872 2174 fructum
903 2131 940 2174 ao
974 2109 1158 2196 dignitatis,
1196 2128 1212 2173 s

106 2236 185 2278 oum
208 2235 322 2280 omnes
344 2235 413 2278 una
438 2235 540 2298 prope
569 2236 650 2279 vooe
681 2215 716 2276 in
741 2235 780 2278 eo
807 2216 879 2300 ipso
903 2237 961 2279 vos
985 2237 1076 2300 spem
1100 2216 1155 2280 ha-

105 2321 235 2386 bituros
259 2341 330 2385 esse
362 2319 505 2384 dixistis.
553 2318 688 2382 Etenim
720 2318 798 2382 talis
828 2327 880 2384 est
911 2320 971 2397 vir,
996 2327 1035 2383 ut
1064 2320 1158 2384 00110

105 2447 160 2490 res
190 2432 285 2490 tanta
307 2425 353 2490 sit
374 2445 412 2488 00
436 2431 504 2488 tam
538 2422 693 2499 difficilis,
718 2444 818 2506 quam
852 2425 909 2488 ille
933 2445 1000 2487 non
1024 2431 1058 2488 et
1081 2446 1157 2488 000-

105 2530 182 2594 silio
213 2550 328 2615 regere
360 2535 396 2593 et
429 2529 624 2614 integritate
661 2529 760 2600 tueri¹
773 2536 809 2592 et
832 2529 958 2594 virtute
993 2529 1154 2595 conficere

107 2629 223 2717 possit.
269 2631 336 2697 Sed
366 2632 401 2695 in
435 2631 498 2696 hoo
531 2633 605 2716 ipso
639 2630 681 2695 ab
714 2654 753 2696 eo
777 2631 1067 2698 vehementissime
1095 2633 1160 2698 dis·
1183 2649 1212 2696 10

107 2739 225 2813 sentio,
242 2735 344 2821 quod,
361 2757 430 2819 quo
459 2736 571 2800 minus
598 2744 689 2802 oerta
713 2743 765 2801 est
787 2736 961 2800 hominum
984 2758 1022 2801 00
1046 2738 1157 2802 minus

108 2840 268 2905 diuturna
298 2840 379 2915 vita,
403 2838 466 2903 hoo
499 2840 605 2925 magis
635 2861 688 2904 res
723 2839 866 2924 publiea,
890 2840 971 2904 dum
994 2863 1054 2925 per
1074 2842 1154 2906 deos

108 2944 311 3009 immortales
343 2943 433 3018 lieet,
466 2940 534 3006 frui
568 2941 669 3007 debet
703 2945 825 3008 summi
851 2945 914 3008 viri
949 2946 1020 3009 vita
1053 2952 1154 3029 atque

108 3050 244 3113 virtute.
291 3047 342 3112 At
363 3048 453 3112 enim
476 3068 518 3111 ne
549 3046 634 3130 quid
668 3049 747 3111 novi
772 3049 830 3112 fiat
854 3057 970 3113 contra
1004 3050 1159 3133 exempla
1171 3052 1211 3115 60

108 3161 209 3238 atque
233 3153 391 3217 instituta
419 3151 592 3214 maiorum.
639 3149 716 3214 Non
752 3151 859 3216 dicam
893 3153 955 3218 hoo
987 3153 1061 3218 loeo
1094 3175 1160 3218 ma·
1182 3169 1210 3214 15

108 3256 193 3322 iores
225 3263 357 3321 nostros
378 3277 511 3340 semper
544 3256 579 3318 in
611 3275 691 3339 paee
727 3256 975 3334 consuetudini,
999 3259 1035 3320 in
1069 3258 1157 3323 bello

108 3362 250 3426 utilitati
273 3360 432 3445 paruisse,
466 3380 597 3444 semper
627 3359 671 3423 ad
694 3380 799 3424 novos
835 3382 930 3426 oasus
965 3368 1155 3446 temporum

109 3482 272 3527 novorum
287 3460 501 3524 consiliorum
513 3461 658 3524 rationes
674 3461 950 3539 accommodasse,
961 3484 1029 3526 non
1045 3461 1155 3527 dicam

108 3564 176 3631 duo
191 3565 279 3631 bella
294 3565 449 3641 maxima,
462 3563 630 3629 Punicum
647 3572 749 3649 atque
777 3564 1012 3649 Hispaniense,
1029 3566 1072 3632 ab
1087 3589 1155 3632 000

108 3670 307 3755 imperatore
322 3691 394 3734 esse
411 3667 565 3734 confecta
590 3669 743 3754 duasque
770 3670 868 3735 urbes
894 3673 1157 3755 potentissimas,
1179 3686 1211 3735 00

109 3797 194 3860 quae
210 3775 289 3838 huie
306 3775 446 3860 imperio
474 3775 618 3840 maxime
640 3775 891 3853 minitabantur,
911 3775 1154 3864 Karthaginem

108 3890 209 3967 atque
226 3880 454 3956 Numantiam,
471 3880 513 3945 ab
528 3881 644 3947 eodem
662 3881 819 3966 Scipione
835 3903 907 3946 esse
935 3880 1073 3960 deletas,
1088 3902 1158 3948 000
