2800 4367
483 357 538 407 rr.
563 357 627 420 111„
651 358 666 419 ς
687 356 760 412 7-12.
1139 345 1203 408 143

87 523 232 592 factum
256 530 347 602 novi,
374 528 443 605 sed,
471 527 668 613 quoderat,
696 530 874 593 inventum
898 535 967 593 est:
993 529 1026 591 in
1052 530 1152 594 unius

88 630 247 698 hominis
278 631 403 718 perditi
433 632 557 697 iudicio
588 633 702 717 plures
728 633 854 698 similes
885 634 1007 718 reperti
1038 633 1149 698 sunt.’'

91 734 172 802 Sed
197 737 282 821 quid
306 737 393 823 ago?
418 758 522 821 paene
547 738 732 802 orationem
757 737 791 800 in
818 737 993 821 epistolam
1019 737 1150 802 inclusi.
1165 740 1205 804 10

92 841 217 906 Redeo
259 840 302 905 ad
343 842 604 906 altercationem.
662 839 780 928 Surgit
817 841 1007 925 pulchellus
1046 861 1203 926 puertia

93 945 219 1011 obiicit
235 945 318 1009 mihi
335 967 387 1010 me
409 944 451 1009 ad
475 945 573 1010 Baias
596 944 712 1010 fuisse.
759 955 779 984 “
792 945 938 1020 Falsum,
954 945 1012 1010 sed
1037 953 1149 1010 tamen

94 1050 289 1133 quidhoc?
313 1050 422 1116 simile
438 1048 522 1125 est‚”
539 1050 688 1134 inquam,
707 1050 833 1134 “quasi
858 1048 948 1114 dicas
974 1051 1007 1112 in
1034 1059 1151 1134 operto

96 1153 294 1219 fuisse.”-
305 1163 324 1192 “
336 1153 460 1233 Quid‚'’
477 1154 599 1238 inquit,
617 1153 772 1217 “homini
790 1154 947 1238 Arpinati
963 1175 1039 1217 cum
1055 1155 1150 1238 aquis

96 1259 272 1323 calidis?”
321 1257 490 1334 “Narra’'
514 1259 662 1342 inquam,
688 1268 707 1295 “
720 1265 861 1342 patrono
884 1266 954 1333 tuo,
971 1258 1029 1342 qui
1055 1258 1204 1342 Arpi-ns

98 1363 192 1427 natis
202 1384 306 1447 aquas
321 1362 532 1446 concupivit;
547 1362 636 1426 nosti
652 1362 742 1426 enim
759 1360 982 1424 marinas.'’-
993 1360 1152 1440 “Quous-

99 1465 201 1550 que,”
239 1467 362 1551 inquit,
402 1465 522 1552 “hunc
564 1487 678 1552 regem
720 1464 922 1530 feremus?''
991 1465 1150 1550 “Regem

101 1571 282 1656 appellas,‘'
307 1571 455 1655 inquam,
481 1579 588 1634 “cum
616 1570 689 1635 Rex
718 1570 767 1633 tui
796 1570 998 1634 mentionem
1023 1570 1151 1632 nnllam

101 1673 242 1740 iecerit?
257 1674 276 1700 ’⁹
318 1675 395 1758 (ille
426 1682 540 1739 autem
571 1674 673 1760 Regis
707 1672 926 1738 hereditatem
957 1695 1015 1758 spe
1054 1673 1151 1738 devo

103 1779 496 1863 rarat).—“Domum‚’'
528 1778 651 1863 inquit,
685 1777 856 1842 “emisti''
903 1777 1069 1852 “Putes’'
1102 1779 1204 1843 iri-150

104 1905 213 1966 quam,
240 1893 260 1923 ‘⁶
272 1884 403 1948 dicere:
437 1883 566 1948 iudices
597 1881 740 1948 emisti.”
752 1920 794 1930 -
808 1893 826 1921 ‘⁶
838 1881 999 1958 iuranti‚’'
1028 1883 1148 1966 inquit,

107 1997 127 2025 “
139 1987 196 2052 tibi
210 2010 277 2052 non
302 1986 550 2053 crediderunt.’'
601 1985 717 2050 “Mihi
734 1986 844 2061 vero‚”
862 1987 1009 2071 inquam,
1028 1995 1046 2024 “
1059 2003 1148 2048 xxv.

106 2091 227 2157 iudices
265 2091 492 2168 crediderunt,
532 2108 651 2167 xxxn,
684 2091 841 2175 quoniam
880 2112 1032 2154 nummos
1070 2098 1148 2155 ante

106 2205 312 2282 acceperunt,
329 2196 390 2261 tibi
406 2197 491 2261 nihil
508 2195 754 2260 crediderunt.”
802 2195 935 2282 Magnis
951 2195 1149 2260 clamoribus

107 2300 244 2366 afflictus
259 2303 426 2366 conticuit
441 2311 476 2366 et
497 2300 654 2365 concidit.
700 2300 823 2366 Noster
838 2309 951 2366 autem
967 2309 1075 2366 status
1099 2309 1151 2365 est
1163 2304 1199 2364 11

107 2403 175 2469 hio:
204 2405 296 2490 apud
326 2405 429 2470 bonos
460 2405 562 2470 iidem
589 2426 716 2480 eumue,
745 2427 829 2489 quos
854 2406 1030 2490 reliquisti,
1058 2405 1149 2490 apud
1159 2423 1202 2468 156

108 2509 230 2574 sordem
262 2509 354 2574 urbis
385 2517 421 2574 et
450 2509 578 2574 faecem
609 2509 717 2572 multo
756 2510 875 2574 melius
914 2531 1014 2584 nunc,
1046 2531 1147 2594 quam

109 2613 288 2698 reliquisti3
319 2609 456 2678 namet
481 2612 569 2676 illud
595 2613 690 2678 nobis
719 2635 786 2677 non
815 2613 918 2689 obest,
946 2613 1052 2678 videri
1077 2635 1149 2678 nos·

110 2723 191 2780 trum
220 2719 454 2783 testimonium
483 2739 551 2781 non
583 2718 747 2782 valuisse:
780 2719 901 2782 missus
932 2725 984 2782 est
1012 2719 1148 2804 sanguis

110 2820 245 2886 invidiae
276 2823 348 2886 sine
379 2820 503 2897 dolore,
534 2828 637 2904 atque
675 2822 777 2885 etiam
815 2821 877 2885 hoc
909 2822 1026 2908 magis,
1058 2820 1148 2905 quod
1159 2838 1202 2883 160

111 2942 214 2988 omnes
229 2924 280 2987 illi
298 2923 448 2988 fautores
464 2923 558 2988 illius
583 2921 703 3010 flagitii
726 2943 795 2987 rem
819 2922 1031 2988 manifestam
1055 2923 1147 2985 illam

111 3025 307 3111 redemptam
323 3047 395 3092 esse
415 3047 435 3090 a
458 3025 626 3091 iudicibus
650 3025 873 3102 confitentum
897 3025 1027 3091 accedit
1049 3024 1147 3100 illud,

112 3129 192 3211 quod
216 3132 275 3195 illa
302 3130 506 3195 concionalis
533 3129 654 3193 hirudo
679 3131 808 3205 aerarii,
833 3131 952 3194 misera
975 3151 1012 3194 ac
1036 3129 1149 3194 ieiuna

111 3233 283 3316 plebecula,
315 3256 367 3299 me
398 3233 440 3299 ab
468 3234 531 3297 hoc
563 3233 689 3320 Magno
719 3235 817 3298 unice
849 3233 945 3320 diligi
975 3241 1083 3318 putat,
1114 3243 1150 3298 et

111 3335 233 3404 hercule
250 3339 359 3402 multa
374 3346 410 3404 et
424 3335 573 3402 iucunda
596 3337 840 3401 consuetudine
865 3338 1037 3402 coniuncti
1060 3338 1203 3402 interret

111 3460 162 3505 nos
177 3464 304 3519 sumus,
321 3464 429 3528 usque
446 3463 495 3517 ec,
506 3449 547 3505 ut
562 3442 666 3506 nostri
683 3441 741 3505 isti
756 3442 984 3506 comissatores
1001 3441 1149 3504 coniura-

112 3544 212 3622 tionis,
229 3545 398 3611 barbatuli
414 3547 565 3620 iuvenes,
585 3544 682 3608 illum
699 3545 738 3608 in
750 3545 958 3609 sermonibus
976 3542 1038 3606 Cn.
1057 3543 1150 3608 Cice·

112 3667 215 3713 ronem
251 3650 443 3735 appellent:
484 3650 600 3733 itaque
638 3656 673 3712 et
709 3648 799 3712 ludis
837 3657 872 3712 et
907 3647 1149 3733 gladiatoribus

114 3751 267 3819 mirandas
284 3758 473 3824 ἐπισημασίας
496 3754 567 3817 sine
592 3753 662 3816 ulla
684 3753 861 3836 pastoricia
887 3751 1000 3816 fistula
1023 3752 1150 3816 aufere-

115 3851 227 3924 bamus.
287 3856 388 3921 Nunc
418 3865 472 3921 est
500 3857 709 3942 exspectatio
746 3855 966 3930 comitiorum,
998 3855 1034 3917 in
1064 3857 1203 3941 quae12
