2800 4367
525 364 605 414 cnr.
633 366 726 427 1-2,§
762 366 802 416 -4,
1173 356 1215 419 29

160 536 206 600 Et
236 536 397 620 quoniam
426 536 462 598 in
493 535 555 600 hoe
586 535 695 601 officio
733 535 884 601 studium
922 559 1014 603 meae
1052 538 1164 603 defen,
1238 601 1242 607 .

112 642 219 706 sionis
250 640 293 705 ab
322 641 571 706 accusatoribus
609 627 712 727 atque
750 643 852 706 etiam
889 644 962 727 ipsa
995 646 1163 728 susceptio
1187 662 1215 706 25

113 767 234 811 causae
250 745 450 831 reprehensa
465 752 527 823 est,
544 752 726 831 antequam
742 768 802 831 pro
825 746 863 809 L.
888 747 1031 813 Murena
1054 747 1163 813 dicere

113 852 267 927 instituo,
298 872 359 935 pro
391 871 443 914 me
473 851 547 935 ipso
578 872 685 935 pauca
715 850 835 927 dicam,
867 873 935 916 non
973 874 1041 937 quo
1081 853 1160 915 mihi

115 956 225 1039 potior
255 954 318 1019 boe
349 954 486 1040 quidem
517 956 553 1018 in
584 962 733 1041 tempore
758 952 810 1020 ¹sit
839 955 939 1021 officii
969 958 1035 1021 mei
1062 979 1162 1042 quam

114 1059 254 1125 huiusce
275 1060 395 1123 salutis
423 1059 584 1137 defensio
612 1060 672 1125 sed
696 1067 737 1124 ut
763 1082 837 1125 meo
860 1047 954 1124 facto
974 1060 1068 1125 vobis
1092 1083 1164 1146 pro

117 1163 193 1228 bato
238 1165 360 1229 maiore
406 1165 605 1229 auctoritate
650 1164 692 1228 ab
718 1164 838 1235 ,huius
883 1164 1019 1241 honore,
1074 1163 1163 1228 fama
1186 1181 1216 1225 ao

114 1268 328 1353 fortunisque
360 1268 514 1333 omnibus
544 1268 757 1351 inimicorum
788 1270 933 1353 impetus
967 1269 1162 1354 propulsare

115 1374 249 1456 possim.

160 1494 197 1539 Π.
229 1476 275 1540 Et
297 1478 441 1561 primum
468 1476 515 1540 M.
533 1476 655 1541 Catoni
678 1478 784 1543 vitam
807 1478 850 1542 ad
877 1484 1002 1542 certam
1025 1478 1198 1542 rationisb

115 1602 263 1645 normam
294 1580 461 1667 derigenti
491 1588 526 1645 et
556 1580 811 1668 diligentissime
843 1581 1063 1667 perpendenti
1097 1604 1163 1645 mo·

114 1694 228 1750 menta
253 1684 438 1749 officiorum
464 1686 613 1749 omnium
638 1686 680 1751 de
707 1685 815 1751 officio
841 1708 914 1751 meo
944 1685 1161 1771 respondebo.

115 1788 227 1875 Negat
255 1788 360 1853 fuisse
390 1796 520 1854 rectum
552 1789 637 1854 Cato
668 1813 720 1855 me
751 1797 786 1855 et
815 1791 988 1854 consulem
1015 1798 1051 1855 et
1076 1790 1162 1876 legis
1216 1856 1218 1860 ,

114 1894 259 1959 ambitus
275 1894 414 1958 latorem
430 1901 466 1958 et
481 1901 549 1958 tam
564 1916 680 1959 severe
703 1904 800 1981 gesto
823 1896 1003 1959 consulatu
1025 1916 1159 1959 causam
1197 1911 1213 1955 5

115 1998 153 2061 L.
185 1998 347 2062 Murenae
378 1999 555 2084 attingere.
602 1998 709 2062 Cuius
741 1999 953 2083 reprehensio
988 2021 1040 2063 me
1064 1998 1163 2063 veho

115 2109 243 2166 menter
273 2108 396 2179 movet,
422 2124 490 2165 non
512 2102 623 2166 solum
655 2109 695 2167 ut
725 2101 831 2178 vobis,
863 2102 1001 2179 iudices,
1037 2102 1160 2188 quibus

115 2208 257 2271 maxime
288 2206 402 2284 deboc,
434 2228 551 2271 verum
582 2208 683 2271 etiam
712 2214 751 2272 ut
782 2208 847 2292 ipsi
879 2206 1011 2285 Catoni,
1038 2208 1163 2294 gravis-

114 2313 198 2375 simo
224 2318 326 2397 atquc
350 2313 566 2398 integerrimo
591 2313 673 2389 viro,
702 2314 866 2377 rationem
890 2312 971 2377 laeti
1002 2314 1068 2377 mei
1091 2334 1164 2397 pro

114 2414 199 2481 bem.
245 2416 278 2479 A
299 2438 369 2503 ¹quo
390 2416 536 2492 tandem,
554 2415 602 2479 M.
628 2416 723 2493 Cato,
747 2425 800 2481 est
822 2418 964 2501 aequius
987 2416 1158 2481 consulem
1183 2431 1212 2479 10

114 2519 250 2584 defendi
280 2541 380 2605 quam
411 2541 430 2583 a
460 2520 621 2585 consule?
670 2520 755 2599 Quis
785 2521 867 2584 mihi
893 2522 929 2583 in
959 2542 994 2584 re
1025 2520 1160 2604 publica

115 2630 226 2709 potest
255 2631 316 2687 aut
345 2623 445 2688 debet
474 2645 545 2688 esse
577 2625 788 2689 coniunctior
818 2646 920 2710 quam
952 2624 991 2701 is,
1022 2625 1078 2688 cui
1107 2631 1172 2687 res'

114 2727 248 2813 publica
262 2750 281 2791 a
298 2749 349 2792 me
365 2728 401 2790 in
417 2750 552 2792 manum
566 2728 712 2792 traditur
723 2728 922 2793 sustinenda
934 2728 1064 2813 magnis
1077 2728 1159 2791 meis

114 2831 280 2897 laboribus
297 2839 332 2897 et
347 2832 504 2917 periculis
523 2833 737 2897 sustentata?
784 2832 915 2911 Quodsi
938 2833 974 2893 in
997 2832 1037 2895 iis
1060 2830 1158 2895 rebus
1194 2908 1196 2910 ,

114 2936 311 3020 repetendis,
343 2958 430 3021 quac
466 2937 610 3021 mancipi
640 2945 732 3012 sunt,
763 2937 791 3000 is
823 2936 1010 3020 periculum
1042 2936 1158 2999 iudicii
1183 2952 1210 2995 15

114 3048 279 3124 praestare
295 3040 404 3117 debet,
429 3041 489 3125 qui
511 3062 547 3105 se
571 3060 662 3106 nexu
686 3041 857 3127 obligavit,
882 3039 1035 3125 profecto
1057 3041 1160 3104 etiam

114 3145 238 3209 rectius
253 3146 289 3207 in
304 3144 429 3209 iudicio
445 3145 592 3211 consulis
608 3145 777 3231 designati
797 3146 825 3209 is
849 3146 1061 3229 potissimum
1085 3165 1160 3208 con-

115 3249 177 3323 sul,
204 3249 264 3334 qui
294 3250 465 3313 consulem
497 3249 690 3326 declaravit,
722 3256 839 3313 auctor
868 3249 1020 3314 beneficii
1043 3248 1160 3333 populi

116 3352 255 3416 Romani
281 3351 505 3437 defensorque
531 3352 673 3437 periculi
696 3374 768 3417 esse
791 3351 936 3416 debebit.
982 3352 1035 3417 Ac
1059 3353 1098 3428 si,
1123 3354 1198 3416 ut4

116 3478 181 3520 non
211 3458 315 3521 nullis
337 3458 380 3520 =in
410 3457 605 3522 ciuitatibus
644 3457 715 3521 fieri
753 3457 848 3533 solet,
880 3464 1042 3541 patronus
1081 3457 1159 3521 huic
1182 3472 1212 3517 ao

116 3581 231 3625 causae
259 3560 391 3645 publice
423 3562 694 3637 constitueretur,
726 3561 755 3625 is
786 3562 997 3645 potissimum
1028 3582 1159 3625 summo

116 3663 238 3728 honore
269 3663 402 3729 adfecto
433 3665 590 3729 defensor
620 3664 767 3740 daretur,
799 3666 859 3750 qui
886 3664 1002 3729 eodem
1034 3664 1158 3729 honore

117 3767 284 3852 praeditus
300 3790 368 3833 non
384 3770 495 3833 minus
511 3768 658 3833 adferret
682 3768 726 3832 ad
748 3768 927 3833 dicendum
950 3770 1159 3833 auctoritatis

118 3894 213 3961 quam
243 3872 424 3940 facultatis.
471 3873 601 3955 Quodsi
631 3895 649 3937 e
680 3879 781 3957 portu
803 3872 1013 3939 solventibus
1042 3873 1076 3949 ii,
1100 3874 1160 3960 qui
