2800 4367
202 326 265 390 186
544 337 615 387 rao
637 339 667 388 r.
692 337 819 390 snsrro
841 338 990 389 orrarro.

255 531 376 595 meque
407 510 471 572 iam
502 509 593 571 omni
627 516 678 572 rat
677 509 755 574 ione
790 509 921 594 privato
956 507 1105 584 consilio,
1138 507 1294 592 quoniam

255 613 399 700 publicis
433 611 574 677 ducibus
609 634 661 677 res
698 611 834 698 publica
870 617 1008 688 careret,
1048 610 1105 676 def
1106 611 1295 676 cudendum

254 724 428 802 putarunt.
405 716 557 782 tErat
571 715 688 781 eodem
715 723 863 800 tempore
888 715 1058 780 serratus
1049 736 1086 777 rn
1108 713 1184 779 aede
1207 714 1297 779 Con·

255 821 396 898 cordiae,
424 820 551 906 quod
544 841 655 906 rpsum
685 821 848 906 templum
879 819 1148 905 repraesentabat
1175 841 1297 884 memo

201 943 231 988 ao
253 927 335 990 riam
366 925 561 990 consulatus
592 925 667 1000 mei,
695 946 772 988 cum
798 922 881 989 flens
913 925 1091 989 universus
1122 923 1199 988 ordo
1226 922 1297 987 cin'-

254 1031 370 1095 cinnat
372 1051 429 1092 um
445 1028 617 1093 consulem
632 1027 767 1103 orabat3
792 1047 873 1091 nam
898 1027 985 1092 alter
1000 1027 1058 1092 ille
1086 1027 1235 1091 horridus
1259 1035 1298 1091 et

254 1155 393 1199 severus
410 1133 565 1198 consulto
579 1153 615 1196 se
631 1131 722 1196 domi
738 1131 941 1196 continebat.
989 1131 1065 1211 Qua
1089 1141 1161 1196 tum
1187 1153 1298 1216 super-

255 1237 309 1302 bia
337 1258 477 1302 caenum
504 1235 591 1300 illud
616 1257 655 1300 ac
682 1235 774 1300 labes
805 1235 1003 1320 amplissimi
1033 1235 1159 1300 ordinis
1183 1256 1297 1320 preces

254 1351 289 1406 et
304 1342 563 1406 clarissimorum
580 1341 707 1404 civium
723 1338 875 1404 lacrimas
894 1340 1096 1425 repudiavit,
1113 1362 1165 1405 me
1189 1341 1298 1424 ipsum

200 1462 230 1507 25
253 1457 292 1513 ut
315 1448 518 1532 contempsit
541 1447 654 1511 helluo
684 1445 833 1531 patriae!
870 1467 946 1511 nam
977 1445 1060 1531 quid
1092 1468 1154 1533 ego
1180 1447 1300 1530 ‘patri-

254 1553 358 1615 monii
370 1551 514 1627 ’dicam
531 1549 622 1635 quod
639 1550 729 1615 illet
715 1558 788 1615 tum
803 1551 934 1614 amisit.
901 1551 940 1614 t9
986 1550 1139 1616 Venistis
1162 1551 1205 1615 ad
1227 1571 1300 1615 serr-

253 1663 347 1721 atum
363 1676 434 1732 vos,
451 1657 599 1739 inquam,
616 1655 749 1738 equites
766 1655 909 1732 Romani
925 1663 960 1719 et
975 1675 1089 1719 omnes
1110 1654 1190 1719 boni
1206 1663 1299 1720 veste

253 1766 384 1824 mutata
401 1781 528 1844 vosque
544 1780 605 1843 pro
621 1780 694 1824 meo
717 1760 825 1843 capite
849 1758 893 1823 ad
917 1759 1019 1843 pedes
1043 1759 1214 1823 lenonis
1205 1780 1300 1843 mpu-

253 1865 377 1929 rissimi
392 1864 591 1949 proiecistis,
608 1885 684 1927 cum
701 1865 823 1942 vestris
840 1862 995 1948 precibus
1018 1863 1060 1927 ab
1086 1863 1217 1928 latrone
1241 1863 1300 1926 illo

200 1983 231 2032 ³0
251 1968 416 2055 repudiat
408 1991 436 2033 rs
453 1970 507 2034 vir
529 1967 718 2033 incredibili
742 1967 817 2043 fide,
834 1967 1067 2053 magnitudine
1091 1969 1207 2044 animi,
1225 1989 1301 2031 cou-

252 2075 386 2150 stanna,
404 2073 441 2136 L
459 2073 616 2149 Ninnius,
632 2072 675 2137 ad
690 2080 847 2138 senatum
863 2071 904 2136 de
932 2094 966 2136 re
993 2071 1129 2156 publiea
1155 2073 1300 2146 rettulit,

252 2186 458 2262 senatusque
476 2177 637 2262 frequens
653 2184 781 2242 vestem
798 2198 859 2261 pro
876 2197 949 2240 mea
964 2176 1072 2242 salute
1103 2176 1300 2241 mutandam

253 2283 393 2346 censuit.

200 2381 240 2444 27
299 2401 364 2447 ΧΠ.
397 2384 533 2450 Odiem
556 2386 663 2462 illum,
680 2384 818 2462 iudices
835 2385 1008 2450 funestum
1032 2386 1166 2449 senatui
1194 2385 1302 2450 bonis-

252 2510 318 2573 que
342 2487 505 2563 omnibus‚
522 2490 570 2554 rei
597 2489 750 2575 publicae
776 2489 979 2565 luctuosum,
997 2489 1076 2551 mihi
1104 2488 1147 2552 ad
1174 2489 1301 2554 domes-

251 2593 356 2656 ticum
390 2612 569 2656 maerorem
606 2615 753 2678 gravem,
785 2591 828 2655 ad
865 2593 988 2676 posteri
992 2593 1068 2656 tatis
1106 2594 1300 2656 memoriam

213 2695 452 2782 gloriosum!
500 2695 592 2775 Quid
615 2698 702 2760 enirn
727 2697 907 2781 quisquam
929 2703 1041 2781 potest
1063 2717 1105 2760 ex
1129 2699 1221 2759 omni
1238 2719 1301 2761 me·

213 2801 355 2864 ameria
381 2822 512 2864 sumere
540 2800 670 2864 inlust
631 2807 715 2864 trms
740 2822 842 2885 quam
869 2822 928 2884 pro
953 2821 1020 2864 uno
1043 2801 1114 2864 cive
1138 2807 1174 2864 et
1198 2800 1364 2865 bonos

252 2905 358 2968 omnis
373 2905 505 2988 privato
524 2925 687 2968 consensu
711 2912 746 2969 et
769 2905 963 2969 universum
988 2910 1140 2968 senatum
1165 2904 1299 2988 publico

252 3008 390 3072 consilio
417 3016 564 3072 mutasse
592 3009 743 3073 vestem?
772 3029 858 3093 quae
886 3007 1022 3092 quidem
1050 3016 1122 3072 tum
1154 3011 1298 3072 mutatio
1363 3035 1364 3060 ι

251 3133 317 3175 non
346 3110 588 3195 deprecationis
615 3133 716 3176 causa
741 3120 793 3177 est
818 3111 919 3188 facta,
936 3112 995 3176 sed
1015 3113 1138 3175 luctus.
1187 3111 1297 3190 Quem
1363 3107 1364 3150 ³

252 3217 341 3278 enirn
358 3214 580 3298 deprecarere,
599 3237 675 3279 cum
692 3237 807 3280 ornnes
827 3225 940 3280 essent
962 3214 1134 3291 sordidati,
1151 3237 1297 3301 cumque
1363 3265 1364 3308 3

201 3332 231 3378 ιο
252 3318 314 3382 hoc
335 3320 417 3382 satis
444 3327 533 3384 esset
554 3321 644 3405 signi
667 3341 738 3384 esse
756 3320 943 3404 inprobum,
969 3321 1029 3406 qui
1057 3317 1188 3384 ¹mutata
1204 3328 1297 3386 veste

247 3442 319 3486 'non
335 3424 447 3487 esset?
492 3423 565 3488 Hac
581 3425 768 3488 mutatione
784 3425 888 3488 vestis
912 3423 1002 3489 facta
1024 3432 1120 3489 tanto
1143 3425 1178 3488 iu
1202 3425 1297 3490 luctu
1363 3423 1364 3486 i

253 3528 399 3591 civitatis
416 3529 535 3591 omitto
551 3527 635 3612 quid
651 3528 708 3592 ille
725 3526 883 3592 tribunus
907 3529 1057 3592 omniurn
1081 3550 1190 3593 rerum
1217 3529 1297 3594 divi·

253 3652 370 3694 narum
386 3631 675 3716 humanarumque
699 3631 823 3716 praedo
838 3631 968 3708 fecerit,
986 3633 1045 3716 qui
1068 3631 1185 3697 adesse
1210 3634 1296 3698 nobi·
1363 3615 1364 3630 ἵ

210 3724 212 3727 ’
253 3734 395 3798 lissimos
419 3736 662 3810 adulescentes
679 3734 931 3799 honestissimos
959 3737 1091 3820 equites
1119 3736 1320 3815 Romanos*
1363 3789 1364 3816 q

202 3851 231 3896 15
253 3835 481 3920 deprecatores
511 3839 630 3901 salutis
663 3858 754 3900 meae
794 3839 931 3902 iusserit
967 3861 1091 3925 eosque
1122 3860 1295 3924 operarum
