2800 4367
482 359 561 410 cnr.
585 359 674 422 aas,
700 360 715 422 s
737 359 825 412 aare.
1155 346 1218 412 275

77 532 168 609 bat;
197 532 275 598 sed
304 532 420 598 nescio
442 554 510 618 quo
532 532 632 597 modo
655 533 721 617 iam
739 553 803 596 usu
820 529 1025 598 obduruerat
1048 539 1083 598 et
1098 553 1168 618 per·

80 639 279 704 calluerat
318 638 468 704 civitatis
506 636 711 703 incredibilis
741 637 915 721 patientia.
963 637 1058 718 Quae
1089 653 1205 702 veros

83 743 251 808 aderant
267 744 338 807 iam
354 751 390 808 et
400 741 647 828 impendebant,
660 763 807 826 quonam
824 741 922 806 modo
935 763 973 806 ea
985 750 1045 807 eut
1056 742 1167 826 depel-

84 850 162 912 lere
176 848 394 932 potuissetis
405 853 466 912 aut
481 846 592 912 ferre?
636 846 819 930 Imperium
832 846 928 912 illesi
941 854 1060 912 nactus
1078 855 1167 912 esset

87 952 292 1016 —omitto
321 952 440 1027 socios,
473 959 605 1016 exteras
631 951 796 1027 nationes,
829 973 933 1037 reges,
966 951 1164 1027 tetrareham

90 1063 182 1122 vota
219 1055 316 1120 enim
346 1054 512 1132 faceretis,
546 1063 585 1120 ut
614 1056 650 1118 iu
680 1077 737 1120 eos
767 1078 802 1120 se
834 1057 948 1140 potius
978 1056 1167 1122 inmitteret

91 1182 214 1246 quam
255 1161 292 1222 in
331 1165 459 1224 vestras
489 1160 726 1244 possessionen,
759 1167 870 1225 vestra
902 1167 1001 1236 tecta,
1041 1170 1167 1226 vestras
1191 1179 1219 1224 ιο

93 1265 502 1350 pecunias—pecunias
515 1263 610 1340 dioo;
634 1285 654 1328 a
677 1263 790 1329 liberis
815 1263 944 1330 medius
968 1263 1066 1330 fidius
1090 1273 1166 1331 eta

94 1369 317 1456 coniugibus
344 1369 466 1434 vestris
493 1390 679 1454 numquam
707 1368 763 1432 ille
790 1367 970 1434 effrenatas
994 1391 1071 1434 suas
1095 1369 1165 1434 libi-

96 1475 210 1538 dines
243 1471 459 1538 cohibuisset.
517 1472 617 1559 Fingi
644 1471 727 1537 haee
755 1474 892 1556 putatis,
918 1494 1003 1558 quae
1034 1481 1161 1560 patent,

98 1600 201 1662 quae
241 1584 323 1640 nota
359 1583 441 1641 sunt
479 1576 642 1652 omnibus,
675 1598 762 1662 quae
795 1585 961 1654 tenentur,
992 1599 1165 1642 servorum

100 1682 286 1747 exereitus
303 1681 399 1744 illum
416 1681 451 1743 in
468 1681 549 1746 urbe
574 1681 843 1766 conscripturum
860 1681 974 1758 fuisse,
999 1704 1059 1766 per
1081 1704 1165 1767 quos
1190 1701 1217 1745 rs

102 1793 222 1851 totam
255 1807 324 1850 rem
355 1785 524 1870 publicam
555 1807 674 1870 resque
706 1785 854 1870 privatas
885 1787 1034 1850 omniurn
1065 1789 1165 1872 possi·

104 1889 237 1955 deret?
282 1888 393 1968 Quam
416 1889 459 1954 ob
486 1911 567 1968 rem,
591 1891 621 1954 si
653 1897 833 1955 cruentum
863 1890 1014 1976 gladium
1045 1899 1162 1957 tenens
1179 1897 1217 1960 77

105 1997 277 2069 olamaret
303 1995 343 2058 T.
371 1995 527 2061 Annius:
561 1995 720 2072 ‘Adeste
746 2017 881 2081 quaeso,
907 2003 1010 2082 atque
1037 1997 1162 2074 audite,

107 2099 226 2166 oives!
272 2099 311 2163 P.
329 2101 485 2166 Clodium
509 2101 675 2178 interfeci,
692 2103 765 2167 eius
790 2101 930 2178 furores
954 2124 1039 2186 quos
1063 2103 1164 2168 nullis

106 2207 181 2269 iam
219 2205 361 2292 legibus,
394 2207 501 2272 nullis
536 2207 669 2272 iudiciis
709 2206 840 2272 frenare
872 2214 1072 2290 poteramus,
1104 2208 1165 2272 hoo
1188 2225 1218 2270 ao

109 2308 204 2374 ferro
228 2317 263 2374 et
284 2309 345 2374 hae
367 2310 508 2377 dextera
532 2333 552 2374 a
576 2311 762 2376 cervicibus
795 2312 915 2376 vestris
939 2314 1082 2396 reppuli,
1105 2335 1165 2396 per

109 2436 168 2478 me
192 2420 234 2477 ut
256 2435 362 2478 unum
381 2415 444 2492 ius,
469 2416 633 2501 aequitas,
663 2416 766 2502 leges
792 2415 938 2492 libertas,
964 2417 1082 2502 pudor,
1105 2439 1165 2501 pu-

109 2518 231 2582 dicitia
261 2518 296 2580 in
335 2520 473 2584 eivitate
507 2520 695 2585 mane1·et:’
735 2528 825 2585 esset
854 2543 933 2586 vero
965 2521 1162 2598 timendum,

111 2643 261 2706 quonam
277 2622 377 2688 modo
392 2624 428 2687 id
450 2623 555 2689 ferret
581 2625 711 2689 civitas.
759 2624 791 2688 N
795 2646 859 2690 uno
886 2625 976 2690 enim
1001 2627 1076 2710 quis
1100 2635 1162 2702 est,

111 2727 174 2812 qui
206 2747 273 2790 non
305 2727 432 2812 probet,
458 2729 608 2813 quinon
636 2728 760 2806 laudet,
786 2729 936 2813 quinon
960 2750 1066 2794 unum
1089 2737 1166 2816 post
1187 2747 1216 2791 25

111 2830 288 2894 hominum
304 2832 496 2896 memoriam
514 2832 554 2894 T.
571 2833 725 2896 Annium
741 2834 924 2917 plurimum
940 2835 987 2898 rei
1009 2834 1162 2919 publicae

112 2934 291 3019 profuisse,
308 2939 453 3001 maxima
468 2937 598 3002 laetitia
614 2939 777 3023 populum
794 2938 992 3016 Romanum,
1006 2947 1161 3004 cunctam

113 3038 257 3115 Italiam,
283 3042 435 3105 nationes
460 3063 574 3106 omnes
601 3040 752 3107 affecisse
780 3050 816 3107 et
842 3042 933 3110 dieat
959 3051 994 3109 et
1013 3045 1161 3109 sentiat?

113 3142 191 3207 Non
215 3166 314 3228 queo,
340 3153 454 3211 vetera
478 3147 537 3209 illa
560 3147 677 3231 populi
709 3147 850 3212 Romani
881 3148 1005 3234 gaudia
1036 3157 1162 3234 quanta

113 3245 251 3324 fuerint,
269 3247 437 3324 iudieare3
469 3251 592 3314 multas
609 3259 720 3316 tamen
744 3253 810 3316 iam
837 3274 1044 3318 summorum
1065 3255 1165 3339 impe·
1186 3269 1216 3314 30

113 3359 262 3416 ratarum
275 3354 473 3418 clarissimas
490 3356 648 3422 victorias
665 3364 756 3421 aetas
780 3365 893 3422 nostra
910 3357 1006 3435 vidit,
1019 3380 1161 3443 quarum

114 3457 209 3522 nulla
223 3478 334 3542 neque
351 3465 420 3522 tam
437 3458 631 3523 diuturnam
643 3460 762 3525 attulit
774 3461 938 3526 laetitiam
951 3485 1011 3527 neo
1023 3470 1161 3527 tantam.

115 3557 275 3640 Mandata
305 3560 369 3625 hoo
401 3563 588 3638 memoriae,
622 3564 761 3628 indices.
819 3562 923 3648 Spero
954 3566 1060 3630 multa
1099 3589 1158 3632 vos
1176 3570 1214 3632 78

76 3742 85 3748 -
114 3662 301 3751 liberosque
318 3673 448 3731 vestros
474 3667 509 3729 in
531 3689 566 3732 re
589 3668 724 3752 publica
747 3668 833 3733 bona
857 3691 928 3734 esse
953 3671 1103 3746 visu'ros3
1126 3672 1161 3735 in

115 3766 155 3832 iis
183 3770 328 3857 singulis
355 3771 403 3834 ita
429 3793 561 3856 semper
587 3772 834 3848 existimabitis
866 3774 944 3839 vivo
972 3773 1011 3837 P.
1044 3774 1214 3840 Clodios

26 3962 27 3967 γ
116 3872 199 3937 nihil
215 3896 332 3940 eorum
347 3897 407 3940 vos
424 3876 554 3942 visuros
571 3876 686 3942 inisse.
733 3875 775 3940 In
797 3898 891 3962 spem
915 3877 1094 3943 maximam
1117 3887 1161 3958 et,
