2800 4367
461 339 542 388 cnr.
567 339 656 397 1111,
679 336 693 394 s
716 339 804 388 caes.
1137 325 1197 388 271

52 511 199 599 aliquid
248 509 439 576 timeretis.
505 508 712 596 Oppugnata
750 508 868 574 domus
907 508 945 572 C.
984 509 1146 586 Caesaris,

53 617 258 684 clarissimi
295 622 336 680 et
367 613 542 678 fortissimi
572 615 647 690 viri,
675 635 735 699 per
762 613 885 678 multas
911 613 1018 678 noctis
1049 613 1146 680 horas

56 722 327 788 nuntiabatur.
374 718 482 784 Nemo
511 717 665 782 audierat
691 724 760 782 tam
789 717 909 782 celebri
938 718 1021 794 loco,
1049 739 1146 782 nemo

57 835 254 902 senserat;
289 833 406 889 tamen
434 821 642 888 audiebatur.
689 821 766 886 Non
790 829 939 906 poteram
965 820 1027 885 Cn.
1051 821 1147 887 Pom·

59 937 200 1019 peium‚
250 928 545 1016 praestantissima
581 928 709 993 virtute
748 927 868 1001 virum,
902 925 1058 990 timidum
1096 949 1149 991 su·
1171 945 1199 990 35

61 1040 224 1123 spicari3
263 1034 482 1120 diligentiam
508 1040 580 1097 tota
606 1054 641 1098 re
669 1031 803 1117 publica
830 1039 986 1116 suscepta
1013 1031 1148 1096 nimiam

62 1145 213 1207 nullam
247 1138 425 1224 putabam.
487 1136 776 1222 Frequentissimo
814 1145 935 1199 senatu
973 1157 1080 1219 nuper
1109 1137 1145 1199 in

65 1247 261 1332 Capitolio
288 1250 427 1308 senator
442 1244 602 1307 iuventus
628 1240 766 1324 estqui
791 1238 953 1304 Milonem
977 1261 1054 1304 cum
1076 1240 1144 1304 telo

66 1377 142 1418 esse
197 1351 349 1416 diceret.
410 1347 565 1412 Nudavit
603 1368 638 1410 se
677 1345 713 1408 in
760 1344 970 1408 sanctissimo
1009 1346 1144 1429 templu

68 1459 252 1542 quoniam
278 1454 351 1519 vita
372 1451 450 1517 talis
473 1459 508 1517 et
531 1450 616 1516 civis
639 1455 675 1514 et
691 1449 755 1514 viri
779 1448 878 1513 fidem
902 1470 969 1513 nou
993 1447 1145 1525 faciebat,
1169 1466 1198 1510 40

69 1573 111 1626 ut
127 1584 176 1628 eo
195 1565 340 1624 tacente
356 1579 408 1622 res
422 1558 494 1641 ipsa
510 1557 715 1641 loqueretur.

117 1682 226 1730 xxv.
259 1661 382 1726 Omnia
394 1660 479 1726 falsa
488 1669 591 1746 atque
603 1657 762 1723 insidiose
780 1657 857 1722 ficta
869 1665 1039 1743 comperta
1054 1665 1144 1724 suut.
1158 1663 1197 1726 67

72 1772 222 1835 Verum
248 1774 364 1831 tamen
386 1766 415 1830 si
438 1767 602 1830 metuitur
624 1764 726 1828 etiam
752 1784 842 1826 nunc
868 1761 963 1837 Milo,
987 1763 1144 1826 uoniam

73 1876 142 1939 hoc
181 1870 392 1937 Clodianum
417 1870 542 1935 crimen
568 1870 735 1943 timemus,
762 1866 822 1930 sed
849 1873 936 1941 1111,
962 1865 1023 1930 Cu.
1049 1867 1144 1930 Pom·
1208 1905 1212 1913 ·

75 1981 146 2063 pei,
178 1979 237 2060 (te
261 1975 352 2039 enim
372 1975 438 2037 iam
458 1973 589 2059 appello
613 1982 648 2036 et
670 1995 709 2038 ea
736 1993 826 2048 voce,
844 1978 884 2034 11
909 1991 960 2034 me
984 1971 1143 2037 exaudire

76 2082 219 2168 possis)
250 2086 337 2153 tuas,
368 2078 516 2163 inquam,
539 2077 746 2161 suspiciones
770 2075 1062 2160 perhorrescimus.
1109 2076 1144 2140 Si
1181 2094 1196 2138 5

79 2188 258 2250 Milonem
280 2184 387 2259 times,
411 2183 440 2246 si
462 2182 553 2246 huuc
577 2181 618 2246 de
642 2190 701 2246 111
723 2182 802 2250 vita.
820 2181 946 2247 nefarie
970 2191 1030 2247 aut
1052 2205 1142 2248 nunc

81 2292 240 2377 cogitare
256 2296 318 2352 aut
331 2287 486 2350 molitum
501 2286 684 2371 aliquando
699 2286 829 2371 aliquid
853 2296 962 2372 putee,
979 2289 1008 2352 si
1024 2288 1141 2354 Italiae

82 2396 248 2480 dilectus,
272 2399 401 2455 utnon
425 2390 511 2454 uulli
538 2392 780 2475 conquisitores
805 2393 855 2456 111
881 2391 1090 2470 dictitarunt,
1113 2394 1141 2456 si

82 2497 171 2559 haec
211 2514 311 2568 arma,
342 2492 371 2555 si
411 2490 622 2576 Capitolinae
654 2492 817 2568 cohortes,
850 2495 878 2558 si
910 2493 1080 2568 excubiae,
1112 2494 1140 2557 si

85 2598 239 2686 vigiliae,
255 2597 284 2660 si
300 2596 430 2661 delecta
448 2597 619 2672 iuventus,
639 2618 725 2680 quae
743 2605 841 2661 tuum
857 2620 977 2683 corpus
995 2598 1143 2662 domum·
1167 2614 1194 2659 10

87 2725 156 2788 que
173 2701 333 2778 custodit,
351 2708 468 2765 contra
485 2699 623 2764 Milonis
640 2702 805 2786 impetum
822 2711 949 2766 armeta
965 2710 1016 2767 est
1038 2710 1140 2788 atque

87 2808 149 2870 1111
165 2807 277 2870 omnia
292 2806 328 2868 iu
343 2805 433 2870 huuc
450 2826 556 2868 unum
572 2805 739 2880 1111111111,
754 2814 878 2890 parata,
896 2808 1026 2871 intenta
1041 2815 1138 2872 sunt:

89 2932 212 2997 magna
236 2911 270 2973 in
296 2909 360 2977 hoc
378 2917 467 2973 certe
494 2910 545 2974 vis
566 2917 602 2974 et
626 2909 830 2974 incredibilis
856 2912 987 2975 animus
1015 2919 1050 2976 et
1073 2933 1141 2995 nou

90 3017 192 3079 unius
206 3015 270 3079 viri
281 3015 369 3079 vires
385 3021 487 3098 atque
505 3036 585 3098 opes
601 3013 803 3090 iudicantur,
817 3015 983 3100 siquidem
998 3011 1034 3080 in
1049 3016 1139 3081 hunc

91 3142 197 3184 unum
213 3127 248 3184 11
263 3120 572 3203 praestantissimus
584 3117 655 3182 dux
666 3119 794 3183 1111111
812 3127 846 3184 11
862 3127 994 3186 totores
1007 3121 1142 3206 publica
1166 3137 1193 3182 15

91 3231 218 3288 armata
247 3229 309 3287 est.
356 3221 423 3286 Sed
455 3224 531 3309 quis
562 3245 629 3288 non
661 3224 831 3310 intellegit
862 3227 969 3289 omnis
1000 3225 1061 3290 tibi
1092 3227 1192 3291 reios

92 3327 243 3412 publicae
275 3328 379 3412 partis
402 3349 516 3414 aegras
547 3336 583 3392 et
608 3327 769 3404 labantes,
802 3336 841 3391 ut
871 3351 926 3394 eas
956 3329 1007 3394 his
1038 3331 1136 3395 armis

92 3431 602 3508 111111111111111111111111,1111
627 3433 843 3496 commissas?
889 3433 1019 3513 Quodsi
1042 3435 1136 3500 locus

94 3535 212 3600 Miloni
235 3535 335 3601 datus
359 3543 457 3612 esset,
482 3535 656 3621 probasset
678 3535 830 3619 profecto
862 3537 923 3602 tibi
946 3538 1010 3622 ipsi
1037 3539 1140 3603 nemi·

93 3661 168 3704 uem
189 3663 352 3726 umquam
375 3640 545 3704 hominem
567 3639 694 3703 homini
726 3641 887 3704 cariorem
910 3639 1013 3706 fuisse
1038 3665 1140 3727 quam
1162 3655 1192 3699 1ο

93 3750 126 3807 te
154 3744 218 3809 sibi
230 3769 238 3820 ;
263 3744 398 3808 nullum
412 3766 447 3808 se
467 3765 629 3828 umquam
650 3742 838 3827 periculum
861 3766 921 3828 pro
945 3751 1004 3808 tua
1027 3744 1136 3832 digni-

94 3852 159 3915 tate
182 3848 332 3939 fugisse3
364 3870 441 3916 cum
470 3848 529 3911 illa
554 3849 627 3933 ipsa
657 3848 848 3911 taeterrime
879 3854 974 3932 peste
1005 3869 1044 3912 se
1069 3870 1136 3913 sae·
