2800 4367
479 372 560 426 cnr.
586 375 673 436 nona,
699 373 713 437 s
736 374 823 426 ease.
1153 364 1214 432 267

108 556 261 635 paratus.
307 546 454 632 Semper,
479 555 515 612 et
538 554 704 632 qnantum
731 549 908 614 interesset
941 547 977 610 P.
1005 546 1104 613 Clodi
1131 573 1165 616 se
1189 567 1217 613 15

109 654 232 738 perire,
271 659 307 717 et
343 658 471 736 quanto
509 651 559 714 illi
598 651 674 716 odio
714 659 810 728 esset,
843 660 878 716 et
909 662 1074 737 quantum
1106 656 1161 720 ille

110 757 264 834 auderet,
289 756 467 843 cogitabat.
515 755 778 835 Quamobrem
804 758 908 821 vitam
927 779 1037 833 suam,
1063 782 1163 843 quam

112 863 269 925 maximis
293 862 447 946 praemiis
472 861 676 946 propositam
703 868 738 926 et
765 883 870 946 paene
894 861 1058 926 addictam
1084 866 1164 930 scie·

111 967 180 1042 bat,
213 987 398 1050 numquam
430 967 464 1028 in
496 966 682 1050 periculum
716 967 787 1031 sine
828 966 993 1051 praesidio
1026 975 1061 1032 et
1090 970 1161 1034 sine

113 1069 268 1135 custodia
284 1069 477 1154 proiciebat.
524 1069 623 1133 Adde
640 1091 748 1146 casus,
773 1069 858 1134 adde
883 1071 1026 1134 incertos
1051 1075 1163 1137 exitus
1186 1089 1216 1135 no

24 1172 25 1241 ζ
113 1195 305 1260 pugnarum
323 1173 533 1258 Martemque
546 1194 765 1250 communem,
780 1175 840 1258 qui
852 1195 949 1259 saepe
962 1176 1161 1259 spoliantem

24 1352 25 1373 χ
113 1281 181 1342 iam
203 1285 238 1342 et
254 1278 464 1342 exultantem
485 1279 608 1342 evertit
627 1284 662 1342 et
685 1278 831 1361 perculit
855 1278 897 1342 ab
922 1278 1060 1356 abiecto,
1078 1280 1161 1346 adde

114 1383 284 1446 inscitiam
301 1383 423 1466 pransi,
440 1382 521 1466 poti,
539 1382 711 1446 oscitantis
730 1381 835 1458 duciS,
848 1383 913 1466 qui
935 1405 1045 1447 cuma
1069 1392 1161 1471 tergo

115 1485 245 1550 hostem
269 1486 490 1549 interclusum
513 1485 715 1570 reliquisset,
738 1486 821 1548 nihil
845 1486 886 1550 de
911 1487 981 1551 eins
1005 1492 1162 1554 extremis

115 1589 294 1654 comitibus
333 1590 504 1675 cogitavit,
537 1590 572 1651 iu
612 1611 696 1673 quos
730 1591 882 1654 incensos
915 1592 961 1654 ira
992 1593 1162 1676 vitamque
1186 1610 1216 1654 25
1254 1662 1263 1672 ,

24 1764 25 1785 ¹
115 1693 242 1758 domini
259 1692 468 1776 desperantis
486 1714 563 1756 cum
579 1692 763 1769 incidisset,
782 1693 888 1758 haesit
913 1696 947 1758 in
972 1696 1012 1759 iis
1036 1699 1161 1779 poenis,

24 1824 25 1833 ¹
114 1820 198 1883 quas
215 1797 311 1861 abeo
335 1797 423 1860 servi
450 1796 563 1861 fideles
589 1819 649 1880 pro
675 1797 802 1884 domini
821 1799 891 1862 vita
916 1801 1161 1884 expetiverunt.

24 1950 25 1977 .
115 1902 187 1966 Cur
217 1901 323 1987 igitur
360 1921 416 1964 eos
447 1921 547 1963 manu
580 1901 693 1964 misit?
739 1902 914 1966 Metuebat
951 1904 1087 1980 seilicet,
1120 1929 1160 1970 ne
1177 1909 1216 1972 57

24 2086 25 2089 ¹
113 2005 331 2081 indicaretur,
356 2027 397 2068 ne
421 2004 570 2068 dolorem
593 2004 739 2089 perferre
765 2027 829 2069 non
860 2016 1004 2090 possent,
1033 2031 1073 2074 ne
1099 2019 1162 2073 tor-

115 2111 238 2174 mentis
270 2117 471 2195 cogerentur
494 2109 640 2174 oceisum
674 2132 745 2175 esse
777 2132 795 2174 a
826 2113 931 2176 servis
963 2113 1099 2177 Milonis
1130 2116 1164 2178 in
1188 2130 1217 2174 so

114 2216 229 2300 Appia
254 2215 307 2279 via
331 2214 368 2277 P.
397 2213 555 2278 Clodium
584 2214 745 2278 confiteri.
794 2214 884 2294 Quid
914 2238 997 2300 opus
1024 2225 1077 2282 est
1100 2227 1162 2281 tor-

114 2319 213 2384 tore?
246 2318 329 2403 quid
361 2318 519 2403 quaeris?
553 2318 782 2383 occideritne?
829 2318 969 2385 Occidit.
1019 2321 1094 2385 lure
1119 2344 1161 2385 an

114 2424 265 2487 iniuria?
323 2422 418 2486 Nihil
448 2423 491 2487 ad
525 2429 703 2497 tortorem3
744 2423 825 2486 facti
856 2425 945 2487 enim
976 2426 1009 2486 in
1048 2427 1163 2490 eculeo

114 2529 271 2612 quaestio
297 2534 358 2604 est,
383 2527 464 2591 iuris
492 2527 527 2589 in
561 2525 694 2590 iudicio.
743 2543 836 2589 xxrr.
864 2526 963 2604 Quod
995 2529 1099 2613 igitur
1129 2532 1163 2593 in

113 2653 218 2696 causa
234 2631 463 2717 quaerendum
479 2638 540 2707 est,
564 2630 599 2694 id
615 2652 754 2716 agamus
778 2630 852 2706 hic;
876 2631 966 2714 quod
990 2636 1163 2698 tormentis

114 2737 268 2801 invenire
286 2737 347 2812 viS,
364 2735 400 2798 id
415 2735 570 2800 fatemur.
624 2735 730 2798 Manu
747 2756 825 2799 vero
841 2757 901 2798 eur
925 2737 1060 2812 miserit,
1077 2739 1105 2802 si
1129 2738 1163 2801 id

113 2842 230 2924 potins
254 2839 396 2924 quaeris,
414 2861 515 2923 quarn
543 2861 604 2903 cur
625 2860 744 2924 parum
765 2839 883 2923 amplis
905 2839 1054 2913 affecerit
1077 2863 1166 2924 prae·
1202 2861 1216 2903 4

113 2946 203 3021 miis,
221 2945 329 3008 nescis
348 2944 475 3008 inimici
502 2943 629 3008 factum
652 2943 904 3028 reprehendere.
952 2945 1051 3008 Dixit
1072 2947 1161 3010 enim
1178 2952 1216 3013 58

113 3049 171 3113 hic
196 3048 295 3124 idem,
312 3049 371 3132 qui
387 3049 499 3113 omnia
524 3070 654 3133 semper
677 3056 870 3112 constanter
892 3057 926 3113 et
950 3048 1091 3126 fortiter,
1117 3051 1162 3113 M.

115 3152 214 3230 Oete,
231 3161 266 3217 et
281 3152 369 3216 dixit
384 3153 419 3215 in
437 3151 630 3216 turbulenta
650 3153 816 3229 contione,
834 3174 920 3236 quae
938 3160 1048 3217 tamen
1065 3153 1163 3218 huius

124 3259 328 3322 auctoritate
344 3257 477 3340 placata
493 3263 554 3333 est,
572 3279 638 3320 nou
664 3256 818 3321 libertate
844 3258 962 3334 solum,
980 3257 1040 3322 sed
1064 3259 1164 3322 etiam

114 3362 272 3426 omnibus
289 3361 443 3446 praemiis
460 3360 673 3446 dignissimos
698 3360 813 3437 fuisse,
831 3362 891 3445 qui
914 3361 1039 3424 domini
1064 3372 1165 3447 eaput

114 3465 359 3538 defendissent.
408 3463 510 3543 Quod
527 3466 617 3529 enim
633 3466 818 3549 praemium
834 3466 915 3530 satis
933 3488 1090 3553 magnum
1115 3475 1166 3532 est
1189 3482 1218 3528 10

115 3576 188 3631 tam
212 3568 386 3644 benivolis,
404 3575 472 3632 tam
495 3567 600 3643 bonis,
620 3576 687 3631 tam
713 3568 866 3633 fidelibus
889 3572 1005 3646 servis,
1031 3579 1164 3657 propter

116 3693 208 3756 quos
221 3671 330 3736 vivit?
378 3672 452 3735 Etsi
469 3671 503 3735 id
519 3671 656 3756 quidem
671 3693 737 3736 non
757 3675 843 3736 tanti
867 3681 928 3750 est,
947 3698 1049 3759 quarn
1073 3677 1164 3761 quod

116 3783 256 3860 propter
274 3776 408 3840 eosdem
423 3798 490 3840 non
506 3778 668 3862 sanguine
686 3785 720 3840 et
737 3777 932 3842 vulneribus
957 3781 1027 3843 suis
1051 3781 1165 3845 crude-

117 3879 238 3943 lissimi
254 3876 381 3945 inimici
409 3889 554 3945 mentem
578 3882 762 3969 oculosque
787 3884 932 3947 satiavit.
982 3883 1076 3964 Quos
1100 3885 1164 3950 nisi
