2800 4367
486 318 567 371 cnr.
593 322 680 383 rom,
705 324 719 383 s
740 322 851 371 4045..
1193 313 1236 377 49

178 508 258 555 xxi.
276 490 336 555 ·Et
360 491 518 576 quoniam
535 491 678 568 ostendi,
700 491 839 568 iudices,
856 513 966 577 parem
983 493 1182 580 dignitatem
1195 500 1235 563 43

132 596 176 659 ad
191 596 385 660 consulatus
402 595 611 679 petitionem,
627 595 793 681 disparem
816 595 987 661 fortunam
1002 598 1185 681 provincia

132 701 216 763 lium
244 700 455 786 negotiorum
481 700 516 763 in
542 699 685 764 Murena
708 691 811 785 atque
833 701 869 763 in
895 699 1045 786 Sulpicio
1067 700 1182 780 fuisse,

133 804 240 868 dicam
258 806 323 868 iam
340 804 498 889 apertius,
515 804 550 867 in
567 824 634 888 quo
651 826 745 869 meus
761 805 966 869 necessarius
983 804 1088 870 fuerit
1101 806 1184 871 inie-

132 910 208 985 rior,
226 908 373 985 ServiuS,
390 916 425 973 et
439 929 479 973 ea
493 906 602 971 dicam
618 908 712 973 vobis
736 908 950 973 audientibus
973 910 1094 975 amisso
1116 911 1181 975 iam
1218 929 1234 973 s

132 1021 292 1098 tempore,
310 1033 396 1098 quae
419 1012 483 1097 ipsi
506 1012 571 1076 soli
594 1034 629 1076 re
654 1013 787 1098 integra
810 1033 908 1097 saepe
933 1012 1015 1077 dixi.
1061 1014 1181 1079 Petere

131 1117 346 1183 consulatum
370 1116 497 1182 nescire
521 1124 565 1193 te,
583 1114 690 1193 Servi,
707 1138 864 1201 persaepe
890 1117 953 1181 tibi
974 1117 1064 1194 dixi3
1088 1120 1182 1183 etin
1261 1142 1264 1146 ·

131 1222 172 1286 iis
197 1222 295 1287 rebus
320 1222 411 1306 ipsis,
429 1242 516 1305 quas,
538 1227 571 1285 te
595 1242 718 1307 magno
743 1228 779 1285 et
792 1219 874 1284 lorti
898 1222 1009 1285 animo
1034 1229 1069 1287 et
1083 1244 1180 1308 agere

130 1334 168 1391 et
197 1326 306 1391 dicere
331 1324 495 1400 videbam,
521 1324 582 1389 tibi
612 1325 734 1389 solitus
764 1346 840 1388 sum
871 1324 982 1389 dicere
1015 1325 1119 1412 magis
1145 1334 1179 1391 tc

96 1489 100 1501 ,
130 1429 251 1495 fortem
276 1437 501 1494 accusatorem
528 1428 609 1493 mihi
635 1427 743 1493 videri
767 1450 869 1513 quam
898 1429 1083 1513 sapientem
1106 1451 1181 1493 can·
1203 1446 1233 1491 10

129 1533 294 1599 didatum.
340 1533 490 1597 Primum
507 1532 687 1597 accusandi
710 1540 852 1597 terrores
870 1539 905 1597 et
920 1533 1039 1609 minae,
1056 1533 1179 1617 quibus

48 1686 51 1694 .
129 1646 169 1702 tu
199 1637 324 1703 cotidie
356 1638 407 1701 uti
437 1637 576 1713 solebas,
602 1645 684 1702 sunt
709 1636 806 1701 fortis
825 1637 897 1713 viri,
923 1636 984 1703 sed
1006 1645 1041 1702 et
1062 1638 1179 1722 populi

129 1743 322 1827 opinionem
356 1762 376 1805 a
407 1763 467 1826 spe
498 1740 706 1827 adipiscendi
744 1748 905 1807 avertunt
933 1748 969 1805 et
997 1741 1178 1806 amicorum

128 1846 244 1911 studia
274 1844 462 1911 debilitant.
523 1846 645 1911 Nescio
675 1868 744 1931 quo
773 1854 873 1931 pacto
902 1867 1033 1930 semper
1054 1846 1117 1910 hoc
1141 1846 1180 1910 fu

130 1954 261 2035 (neque
287 1951 322 2013 in
347 1970 415 2013 uno
442 1957 502 2015 aut
525 1950 631 2015 altero
656 1950 928 2015 animadversum
952 1957 1014 2027 est,
1031 1949 1091 2015 sed
1112 1951 1178 2014 iam
1202 1966 1230 2010 1⁵

127 2059 164 2119 in
202 2056 386 2142 pluribus),
417 2056 519 2119 simul
557 2063 659 2140 atque
698 2055 897 2120 candidatus
932 2056 1177 2121 accusationem

127 2161 283 2225 meditari
315 2160 407 2226 visus
438 2167 498 2235 est,
530 2167 569 2224 ut
599 2159 758 2224 honorem
782 2158 981 2244 desperasse
1012 2158 1177 2224 videatur.

128 2264 223 2343 Quid
248 2265 350 2350 ergo?
380 2270 550 2347 acceptam
577 2264 735 2327 iniuriam
758 2265 915 2348 persequi
941 2285 1009 2327 non
1036 2264 1148 2347 placet
1161 2263 1176 2325 i>
1189 2264 1230 2325 44

128 2370 237 2433 Immo
256 2368 469 2433 vehementer
480 2368 609 2452 placct3
633 2368 692 2434 sed
708 2368 802 2433 aliud
818 2376 950 2453 tempus
962 2376 1015 2432 est
1029 2367 1175 2452 petendi,

126 2473 221 2537 aliud
246 2471 479 2558 persequendi.
526 2472 711 2537 Petitorem
738 2494 810 2559 ego,
836 2473 1031 2557 praesertim
1062 2492 1180 2536 consu·
1200 2490 1230 2535 ao

125 2578 227 2653 latus,
254 2596 375 2663 magna
399 2598 467 2660 spe,
494 2597 616 2662 magno
646 2576 767 2652 animo,
794 2576 924 2661 magnis
955 2576 1059 2660 copiis
1084 2576 1177 2640 etin

126 2681 239 2745 forum
270 2688 305 2745 ct
334 2681 369 2742 in
399 2700 553 2765 campum
586 2679 707 2744 deduci
732 2680 831 2755 volc;
864 2700 930 2743 non
961 2680 1074 2763 placet
1096 2679 1177 2743 mihi

125 2785 302 2871 inquisitio
330 2783 500 2849 candidati
527 2784 730 2868 praenuntia
754 2784 915 2868 repulsae,
940 2805 1008 2848 non
1038 2784 1176 2847 testium

125 2890 240 2975 potius
275 2909 375 2973 quam
411 2887 673 2975 suffragatorum
713 2888 927 2972 comparatio,
962 2908 1030 2951 non
1067 2888 1176 2952 minae

125 2994 234 3079 magis
260 3014 362 3077 quam
387 2991 580 3068 blanditiae,
607 3012 674 3055 non
700 2991 915 3056 denuntiatio
939 2992 1051 3076 potius
1075 3012 1176 3075 quam
1199 3007 1229 3051 as

126 3097 354 3181 persalutatio,
371 3096 566 3179 praesertim
590 3116 666 3160 cum
684 3096 751 3159 iam
774 3096 836 3159 hoc
852 3116 940 3159 novo
956 3116 1046 3159 more
1062 3117 1176 3159 omnes

126 3202 195 3267 fere
222 3200 337 3264 domos
363 3201 512 3265 omnium
538 3208 740 3265 concursent
755 3207 792 3264 et
806 3221 848 3264 ex
865 3199 966 3265 vultu
987 3198 1179 3263 candidato

126 3328 201 3389 rum
228 3306 453 3369 coniecturam
480 3302 617 3380 faciant,
645 3311 811 3389 quantum
839 3288 985 3387 quisque
1013 3303 1116 3367 animi
1142 3312 1177 3368 et

126 3408 299 3473 facultatis
315 3408 435 3473 habere
453 3407 618 3471 videatur.
667 3407 829 3471 ‘Videsne
850 3414 889 3470 tu
912 3407 1009 3470 illum
1034 3409 1175 3482 tristem,
1188 3409 1227 3473 45

127 3512 335 3577 demissum?
364 3512 461 3586 iacet,
486 3510 620 3586 diffidit,
644 3510 767 3575 abiecit
796 3510 930 3575 hastas?
979 3510 1092 3595 Serpit
1122 3512 1176 3575 hic
1199 3526 1229 3571 ao
1323 3548 1326 3554 ·

128 3636 250 3679 rumor.
299 3614 389 3679 ‘Scis
403 3622 441 3678 tu
457 3615 554 3678 illum
572 3616 821 3680 accusationem
837 3617 994 3702 cogitare,
1007 3616 1176 3700 inquirere

127 3720 162 3783 in
185 3720 431 3805 competitores,
453 3720 550 3784 testis
576 3720 761 3803 quaerere?
808 3720 926 3783 Alium
951 3719 1178 3804 faciamque

128 3824 217 3888 niam
241 3823 304 3889 sibi
328 3823 382 3888 hic
406 3824 478 3908 ipse
503 3823 678 3908 desperat.¹
726 3824 809 3904 Ilius
835 3822 925 3887 modi
941 3822 1176 3889 decandidato
