2800 4367
170 345 212 409 96
425 353 467 402 ΙΝ
489 353 702 404 CAlelNAM
725 353 866 403 ORATIO
894 352 1060 413 QUARTA.

510 448 523 472 ι

222 527 375 593 condicio
402 526 520 590 melior
545 532 704 589 externae
733 525 892 588 victoriae
924 545 1027 609 quam
1057 523 1279 600 domesticae,

222 633 314 718 quod
352 631 463 695 hostes
501 630 707 716 alienigenae
741 635 811 695 aut.
839 629 989 714 oppressi
1027 629 1186 692 serviunt
1219 636 1279 691 aut

169 755 199 798 ao
222 737 344 821 recepti
374 734 535 798 beneficio
564 755 599 798 se
630 732 794 819 obligatos
825 739 968 818 putant3
1000 733 1060 817 qui
1084 739 1201 797 autem
1236 755 1277 796 ex

222 863 361 904 numero
377 840 502 902 civium
518 837 688 902 dementia
704 838 818 922 aliqua
833 835 1006 922 depravati
1020 837 1133 901 hostes
1147 838 1277 921 patriae

222 946 325 1010 semel
350 964 420 1008 esse
445 951 638 1028 coeperunt,
658 963 714 1006 eos
738 963 813 1005 cum
838 963 857 1004 a
880 942 1027 1027 pernicie
1050 941 1276 1026 reipublicae

221 1050 415 1134 reppuleris,
433 1070 493 1112 nec
509 1047 544 1112 vi
560 1050 710 1110 coercere
733 1068 792 1110 nec
817 1046 976 1112 beneficio
1000 1046 1130 1130 placare
1157 1048 1275 1130 possis.

223 1155 336 1232 Quare
354 1152 433 1214 mibi
449 1173 527 1215 cum
542 1150 682 1236 penlitis
698 1150 828 1214 civibus
852 1157 1027 1214 aeternum
1052 1150 1181 1214 bellum
1205 1172 1277 1213 sus-

169 1276 199 1319 as
221 1266 353 1342 ceptum
372 1278 443 1319 esse
460 1255 568 1320 video.
617 1253 657 1317 ld
673 1276 736 1339 ego
750 1261 860 1318 vestro
874 1254 1104 1338 bonorumque
1121 1255 1274 1318 omnium

222 1362 349 1424 auxilio
376 1360 602 1444 memoriaque
628 1366 798 1422 tantorum
827 1359 1064 1442 periculorum,
1089 1379 1176 1442 quae
1205 1380 1273 1420 non

223 1463 320 1528 modo
337 1466 370 1526 in
387 1464 448 1527 hoc
473 1463 608 1548 populo,
626 1464 685 1548 qui
709 1471 863 1526 servatus
888 1469 948 1537 est,
974 1461 1033 1525 sed
1059 1463 1094 1524 in
1120 1463 1273 1524 omnium

222 1569 375 1654 gentium
391 1565 599 1630 sermonibus
616 1587 655 1630 ae
671 1566 841 1630 mentibus
858 1588 988 1650 semper
1004 1565 1165 1640 haerebit,
1183 1588 1201 1628 a
1221 1588 1273 1629 me
1305 1565 1310 1574 ’

222 1679 324 1756 atque
349 1693 369 1734 a
395 1672 477 1734 meis
502 1669 599 1735 facile
627 1670 813 1755 propulsari
842 1691 935 1754 posse
961 1669 1102 1733 confido.
1152 1670 1273 1754 Neque

170 1792 200 1836 40
221 1775 292 1838 ulla
308 1774 458 1860 profecto
484 1782 580 1838 tanta
604 1776 654 1840 vis
679 1775 875 1857 reperietur,
894 1795 979 1858 quae
997 1776 1271 1838 coniunctionem

225 1885 369 1943 vestram
392 1880 614 1963 equitumque
643 1879 870 1942 Romanorum
892 1885 928 1940 et
955 1885 1083 1940 tantam
1107 1881 1274 1962 conspira-

224 1985 347 2049 tionem·
379 1983 542 2048 bonorum
574 1985 723 2046 omnium
755 1981 965 2068 confringere
1005 1989 1040 2045 et
1070 1981 1273 2046 labefactare

223 2091 336 2173 possit.
1082 2071 1085 2079 ¹

171 2195 210 2258 23
266 2211 316 2256 XI.
363 2192 458 2271 Quae
486 2214 563 2257 cum
590 2193 639 2256 ita
665 2193 744 2268 sint,
761 2214 820 2276 pro
848 2185 996 2276 imperio,
1020 2212 1081 2274 pro
1109 2192 1273 2266 exercitu
1357 2262 1359 2266 Α

225 2319 284 2381 pro
307 2298 489 2381 provincia,
507 2318 608 2383 quam
631 2296 778 2382 neglexi,
804 2318 863 2381 pro
884 2295 1057 2380 triumpho
1081 2297 1272 2379 ceterisque

224 2401 332 2466 laudis
349 2401 547 2487 insignibus
564 2423 650 2486 quae
667 2408 749 2464 sunt
765 2423 784 2464 a
800 2423 851 2464 me
869 2407 1003 2484 propter
1019 2399 1110 2463 urbis
1129 2407 1275 2464 vestrae-

225 2527 291 2589 que
318 2505 437 2569 salutis
465 2504 652 2568 custodiam
680 2505 866 2589 repudiata,
891 2525 949 2587 pro
974 2503 1140 2567 clientelis
1163 2504 1275 2588 hospi-

186 2610 346 2693 stiisque
374 2607 646 2692 provincialibus,
671 2630 756 2692 quae
782 2617 892 2671 tamen
918 2606 1051 2672 urbanis
1068 2607 1188 2691 opibus
1205 2631 1273 2671 non

226 2714 351 2776 minore
385 2711 495 2775 labore
526 2720 625 2776 tueor
656 2735 758 2797 quam
797 2733 961 2796 compare,
992 2733 1052 2796 pro
1083 2711 1136 2776 his
1168 2714 1273 2798 igitur

227 2816 380 2879 omnibus
411 2815 519 2891 rebuS,
552 2837 611 2900 pro
638 2817 720 2880 meis
748 2817 781 2878 in
809 2838 867 2901 vos
896 2815 1122 2902 singularibus
1149 2816 1271 2880 studiis

224 2942 351 3004 proque
364 2920 435 2995 hac,
449 2941 550 3003 quam
563 2921 761 3006 perspicitis
775 2920 818 2984 ad
830 2920 1090 2985 conservandam
1108 2943 1176 2984 rem
1192 2920 1273 3004 pub

226 3025 321 3088 licam
340 3023 515 3110 diligentia
531 3025 616 3087 nihil
632 3047 651 3088 a
667 3025 762 3088 vobis
779 3026 843 3089 nisi
861 3025 961 3089 buius
979 3026 1137 3109 temporis
1155 3025 1271 3088 totius-

173 3144 201 3188 10
224 3150 288 3212 que
306 3129 371 3192 mei
388 3129 583 3193 consulatus
601 3131 792 3193 memoriam
814 3130 967 3214 postulo;
992 3128 1184 3213 quaedum
1208 3131 1271 3194 erit

224 3233 258 3295 in
288 3234 406 3297 vestris
434 3233 500 3297 fixa
527 3233 706 3308 mentibus,
725 3235 895 3298 tutissimo
922 3255 974 3298 me
999 3255 1093 3296 muro
1117 3241 1268 3318 saeptum

224 3359 295 3402 esse
323 3338 515 3402 arbitrabor.
563 3338 693 3417 Quodsi
720 3361 826 3403 meam
854 3361 946 3424 spem
976 3339 1026 3403 vis
1054 3338 1268 3422 inproborum

224 3441 384 3506 fefellerit
408 3450 509 3526 atque
536 3443 755 3527 superaverit,
782 3442 980 3508 commendo
1008 3435 1101 3507 vobis
1128 3463 1268 3526 parvum

224 3568 335 3611 meum
352 3545 469 3623 filium,
486 3547 541 3610 cui
557 3546 708 3631 profecto
724 3548 804 3611 satis
824 3549 888 3611 erit
903 3546 1058 3631 praesidii
1076 3567 1142 3609 non
1160 3547 1266 3610 solum

172 3670 200 3714 15
222 3650 266 3714 ad
292 3650 445 3727 salutem,
474 3673 590 3715 verum
619 3653 720 3716 etiam
749 3650 791 3714 ad
815 3651 1025 3737 dignitatem,
1050 3652 1078 3715 si
1103 3652 1186 3727 eius,
1211 3651 1267 3735 qui

224 3754 304 3818 haec
320 3755 431 3818 omnia
446 3776 507 3818 suo
523 3755 627 3818 solius
644 3754 793 3838 periculo
810 3755 1025 3829 conservarit,
1044 3754 1140 3816 illum
1162 3754 1264 3816 filium

170 3859 211 3927 24
222 3880 294 3925 esse
310 3859 540 3925 memineritis.
587 3858 800 3941 Quapropter
818 3857 1005 3920 desummo
1028 3858 1138 3922 salute
1157 3865 1267 3923 vestra
