2800 4367
174 369 237 437 278
434 383 506 437 ano
528 384 559 437 r.
584 383 706 437 invio
731 383 875 437 mtomr
899 384 1047 437 onorio.

227 565 341 634 morte,
359 579 465 643 poena
480 559 539 642 qui
556 557 661 622 nihilo
677 559 815 645 segnius
832 579 900 623 rem
925 557 1093 643 publicam
1109 557 1281 634 defendit,

226 664 252 726 is
277 664 329 726 vir
355 684 433 727 vere
461 661 632 746 putandus
658 670 720 727 cst.
767 661 891 747 Populi
918 663 1005 748 grati
1037 670 1088 727 est
1118 663 1283 747 praemiis

226 765 355 829 afficere
372 765 606 830 benemeritos
629 765 671 831 dc
695 789 730 832 re
755 766 890 852 publica
913 767 1006 843 civis
1023 768 1086 832 viri
1112 766 1208 832 fortis
1233 788 1282 831 ne

173 886 202 930 as
224 870 398 954 suppliciis
414 868 550 954 quidem
575 872 712 947 moveri,
730 879 769 936 ut
791 870 924 936 fortiter
947 870 1066 936 fecisse
1094 873 1281 958 paeniteat.

227 975 335 1053 Quam
363 974 497 1038 obrem
524 982 677 1039 uteretur
704 975 820 1040 eadem
847 974 1056 1042 confessione
1080 975 1119 1039 T.
1138 977 1283 1040 Annius

226 1100 293 1162 qua
310 1078 430 1154 Ahala,
447 1100 514 1163 qua
537 1079 666 1155 Nasica,
683 1101 751 1163 qua
775 1079 942 1164 Opimius,
959 1102 1027 1166 qua
1051 1080 1188 1156 Marius,
1206 1102 1283 1165 qua

226 1190 356 1246 nosmet
383 1183 444 1266 ipsi
472 1190 516 1259 et,
540 1184 568 1246 si
596 1191 691 1269 grata
715 1205 766 1248 res
793 1179 1281 1269 publicaessetlaeta1·etur;

225 1287 253 1349 si
289 1287 428 1372 ingrata,
457 1295 568 1351 tamen
604 1289 638 1350 in
672 1289 768 1375 gravi
802 1287 939 1353 fortuna
973 1289 1177 1354 conscientia
1211 1310 1282 1352 sua

173 1407 202 1450 ao
224 1391 396 1454 niteretur.

173 1497 212 1559 83
268 1493 334 1557 Sed
362 1494 461 1558 huius
488 1495 639 1561 beneficii
668 1497 820 1583 gratiam,
837 1496 976 1575 iudices,
994 1497 1129 1562 fortuna
1156 1499 1278 1584 populi

227 1599 367 1661 Romani
384 1607 419 1663 et
435 1607 545 1663 vestra
560 1599 704 1665 felicitas
728 1608 763 1666 et
785 1600 819 1664 di
843 1601 1045 1665 immortales
1069 1601 1131 1665 sibi
1159 1600 1278 1667 deberi

226 1711 357 1787 putant.
405 1702 475 1767 Nec
491 1725 570 1769 vero
586 1705 764 1789 quisquam
780 1706 878 1769 aliter
894 1704 1046 1768 arbitrari
1070 1713 1189 1789 potest,
1207 1707 1277 1770 nisi

226 1809 283 1890 qui
312 1807 439 1870 nullam
467 1808 536 1872 vim
562 1830 634 1872 esse
665 1809 761 1873 ducit
791 1830 958 1874 numenve
990 1809 1153 1886 divinum,
1170 1831 1277 1894 quem

173 1927 202 1971 35
225 1931 333 1996 neque
350 1913 480 1996 imperii
497 1914 601 1976 nostri
618 1912 815 1999 magnitudo
830 1935 942 1997 neque
959 1913 1008 1976 sol
1028 1913 1084 1978 ille
1109 1935 1169 1979 nec
1189 1915 1276 1978 caeli

225 2017 464 2102 signorumque
496 2025 606 2082 motus
639 2040 701 2083 uec
734 2016 983 2083 vicissitudines
1021 2039 1130 2092 rerum
1169 2026 1276 2104 atque

226 2120 358 2186 ordines
377 2129 513 2186 movent
529 2143 649 2206 neque,
666 2121 701 2186 id
718 2121 810 2207 quod
833 2122 1016 2186 maximum
1032 2130 1093 2199 est,
1111 2123 1277 2187 maiorum

226 2226 399 2309 sapientia,
413 2227 471 2310 qui
488 2247 590 2302 sacra,
604 2228 661 2310 qui
678 2228 905 2304 caerimonias
920 2227 979 2312 qui
995 2227 1143 2312 auspicia
1158 2235 1194 2292 et
1209 2229 1277 2313 ipsi

225 2331 433 2406 sanctissime
450 2329 629 2392 coluerunt
640 2338 675 2394 et
687 2330 782 2395 nobis
798 2332 868 2395 suis
885 2332 1025 2415 posteris
1042 2330 1274 2415 prodiderunt.

173 2435 213 2497 84
225 2449 330 2494 xxxi.
365 2433 434 2507 Est,
452 2440 503 2496 est
518 2432 668 2517 profecto
686 2435 744 2497 illa
760 2435 821 2510 vis,
836 2457 945 2519 neque
962 2435 995 2497 in
1013 2434 1064 2498 his
1080 2436 1275 2519 corporibus

228 2545 330 2620 atquc
355 2537 388 2598 in
414 2537 473 2600 hac
497 2536 715 2602 inbecillitate
744 2545 856 2602 nostra
883 2539 972 2602 inest
994 2537 1165 2623 quiddam,
1181 2540 1276 2624 quod

226 2642 339 2726 vigeat
363 2649 397 2705 et
419 2641 551 2717 sentiat,
569 2663 636 2705 non
663 2644 752 2707 inest
780 2643 813 2705 in
838 2643 899 2707 hoc
923 2650 1018 2707 tanto
1042 2651 1180 2708 naturae
1204 2652 1276 2708 tam

226 2745 393 2829 praeclaro
410 2752 514 2809 motu.
560 2745 634 2810 Nisi
646 2745 734 2811 forte
747 2746 871 2811 ideireo
885 2769 950 2811 non
966 2755 1099 2832 putant,
1111 2749 1190 2832 quia
1206 2771 1274 2813 non

188 2857 363 2933 napparct
393 2871 454 2914 neo
485 2851 652 2925 cernitur3
691 2851 830 2935 proinde
862 2853 958 2935 quasi
989 2859 1135 2916 nostram
1167 2853 1275 2937 ipsam

226 2961 382 3028 mentem,
400 2976 467 3038 qua
489 2956 645 3039 sapimus,
663 2976 731 3039 qua
753 2955 979 3039 providemus,
1002 2977 1070 3040 qua
1097 2955 1177 3020 haee
1200 2958 1275 3042 ipsa

225 3058 355 3142 agimus
371 3079 408 3122 ac
425 3057 576 3134 dicimus,
593 3059 707 3125 videre
731 3066 792 3123 aut
815 3059 922 3143 plane,
940 3061 1050 3144 qualis
1067 3066 1127 3123 aut
1142 3060 1200 3125 ubi
1216 3062 1273 3138 sit,

225 3163 349 3226 sentire
366 3164 540 3247 possimus.
587 3163 637 3227 Ea
653 3165 704 3228 vis
720 3163 826 3249 igitur
842 3164 922 3248 ipsa,
940 3185 1026 3248 quae
1050 3185 1147 3248 saepe
1171 3165 1275 3231 inere·

227 3263 346 3330 diliiles
375 3267 452 3331 huic
482 3266 554 3331 urbi
583 3267 762 3332 felicitates
791 3275 892 3352 atque
921 3289 999 3353 opes
1030 3269 1155 3344 attulit,
1180 3269 1274 3334 illam

175 3381 203 3425 ¹0
224 3373 403 3454 pernicicm
435 3373 583 3436 extinxit
611 3393 649 3436 ac
680 3373 829 3448 sustulit,
862 3373 916 3437 cui
948 3373 1091 3456 primurn
1127 3381 1273 3440 mentam

227 3476 351 3552 iniecit,
379 3484 418 3539 ut
448 3477 483 3541 vi
514 3477 642 3541 irritare
674 3476 829 3560 ferroque
861 3477 1021 3541 lacessere
1052 3476 1274 3542 fortissimum

227 3581 335 3643 virum
363 3581 502 3645 auderet
526 3582 784 3665 vincereturque
811 3579 853 3644 ab
876 3602 925 3657 ec,
944 3603 1044 3666 quem
1071 3581 1100 3645 si
1126 3582 1272 3660 vicisset,

227 3683 401 3755 habiturus
418 3693 508 3750 esset
523 3685 759 3769 impunitatem
775 3692 809 3752 et
832 3685 1002 3748 licentiam
1025 3686 1271 3769 sempiternam.

174 3789 213 3852 85
227 3787 299 3848 Non
318 3795 370 3852 est
392 3788 538 3853 humano
561 3790 712 3865 consilio,
729 3810 769 3853 ne
793 3788 952 3852 mediocri
969 3789 1114 3874 quidem,
1132 3790 1271 3869 iudiceS,

176 3905 204 3949 15
228 3889 364 3954 deorum
381 3893 618 3956 immortalium
635 3913 782 3956 curares
798 3892 856 3954 illa
874 3891 1032 3975 perfecta.
1079 3894 1273 3982 Religiones
