2800 4367
27 278 29 323 l

27 390 29 481 l
87 506 238 569 semper
254 486 373 572 gravis
388 492 426 551 et
440 493 538 573 grata
553 487 589 551 in
605 486 818 552 contionibus
838 486 915 564 luit,
931 487 980 554 sic
1003 489 1169 554 contendo

89 609 298 673 numquam
336 611 450 674 neque
480 591 684 655 sententiam
714 591 786 656 eius
820 592 1019 658 auctoritate
1058 614 1167 678 neque

90 693 342 777 eloquentiam
370 693 584 760 iucunditate
606 694 713 760 fuisse
744 695 873 762 maiore.
933 695 1012 776 Quo
1034 697 1169 762 silentio
1182 703 1240 765 108

91 803 184 860 sunt
215 796 333 862 auditi
365 796 408 862 de
441 819 494 862 me
530 798 634 862 ceteri
671 797 839 882 principes
877 797 1044 864 civitatis!
1082 821 1168 884 quos
1190 816 1219 860 2⁵

93 900 231 965 idcirco
250 923 321 965 non
336 901 472 986 appello
487 901 551 965 hoc
566 902 651 978 loco,
667 922 709 966 ne
726 922 799 966 mea
817 902 932 977 oratio,
949 903 978 968 si
993 904 1104 968 minus
1125 903 1166 968 de

93 1004 220 1088 aliquo
239 1004 370 1082 dixero,
386 1006 531 1091 ingrata,
547 1005 577 1070 si
597 1005 680 1069 satis
704 1004 745 1069 de
769 1004 933 1081 omnibus,
950 1006 1080 1070 infinita
1094 1027 1166 1071 esse

94 1107 275 1172 videatur.
324 1108 418 1173 Cedo
435 1129 525 1175 nuuc
542 1107 692 1174 eiusdem
712 1108 805 1172 illius
827 1109 954 1173 inimici
977 1111 1041 1174 mei
1057 1109 1098 1174 de
1115 1131 1166 1176 me

26 1276 27 1293 ,
95 1211 222 1276 eodem
241 1212 287 1277 ad
303 1234 424 1278 verum
440 1213 605 1298 populum
621 1213 656 1276 in
673 1233 790 1297 campo
812 1212 935 1277 Martio
958 1213 1164 1278 contionem!

26 1304 27 1315 ἵ
98 1316 190 1395 Quis
223 1338 297 1381 non
327 1316 429 1382 modo
458 1316 670 1402 adprobavit,
700 1315 761 1380 sed
793 1337 860 1380 non
896 1316 1165 1403 indignissimum
1188 1333 1218 1378 ³0

26 1412 28 1425 '
97 1421 239 1486 facinus
267 1423 407 1506 putavit
433 1421 532 1485 illum
559 1442 627 1485 non
650 1420 759 1485 dicam
785 1421 890 1506 loqui,
910 1420 969 1485 sed
994 1422 1104 1487 vivere
1126 1444 1165 1486 ac

26 1562 27 1623 p
97 1526 256 1611 spirare?
274 1527 355 1611 quis
371 1526 450 1602 luit,
462 1526 523 1611 qui
536 1547 605 1591 non
621 1526 694 1591 eius
707 1547 787 1590 voce
804 1521 963 1590 maculari
980 1547 1048 1590 rem
1059 1526 1167 1610 publi-

26 1668 27 1679 1
98 1653 173 1696 cam
185 1654 310 1716 seque,
322 1633 352 1697 si
365 1653 443 1697 eum
456 1630 600 1707 audiret,
611 1632 735 1696 scelere
748 1630 913 1718 adstringi
925 1631 1163 1696 arbitraretur?

26 1768 28 1841 ᾗ
142 1754 192 1799 L1.
228 1735 345 1800 Venio
360 1735 405 1799 ad
422 1735 568 1812 comitia,
583 1735 655 1800 sive
679 1733 938 1821 magistratuum
962 1735 1072 1818 placet
1093 1736 1164 1799 sive
1179 1738 1237 1800 109

26 1918 27 1929 ¹
99 1842 232 1928 legum.
291 1840 401 1926 Leges
426 1839 580 1906 videmus
612 1861 711 1924 saepe
741 1838 822 1902 ferri
853 1839 985 1902 multas.
1034 1837 1164 1902 Omitto

98 1968 166 2022 eaS,
184 1967 277 2031 quae
310 1944 471 2010 feruntur
502 1945 559 2021 ita,
584 1944 644 2009 vix
670 1951 712 2007 ut
737 1943 843 2027 quini,
867 1950 902 2007 et
928 1943 951 2005 ii
981 1964 1023 2006 ex
1055 1942 1164 2006 aliena

26 2126 27 2139 χ
98 2051 203 2127 tribu,
217 2047 504 2136 qui'suffragium
520 2048 641 2124 ferant,
654 2048 872 2133 reperiantur.
918 2046 969 2110 De
986 2067 1049 2123 me,
1061 2069 1162 2131 quem

26 2166 27 2235 ξ
99 2163 291 2241 tyrannum
318 2161 424 2238 atque
450 2159 638 2238 'ereptorem
663 2150 827 2215 libertatis
851 2171 922 2214 esse
952 2149 1084 2216 dicebat
1106 2151 1164 2214 illa
1200 2168 1216 2212 5

26 2316 27 2335 ,
97 2260 201 2322 mina
230 2258 280 2322 rei
306 2256 474 2342 publicae,
498 2255 583 2320 dicit
608 2276 644 2320 se
671 2254 780 2340 legem
808 2254 936 2318 tulisse.
989 2253 1074 2332 Quis
1101 2262 1162 2331 est,

26 2378 27 2391 ¹
97 2364 161 2447 qui
192 2383 243 2438 se,
273 2383 353 2425 cum
385 2368 502 2425 contra
533 2381 586 2424 me
616 2357 795 2434 ferebatur,
824 2358 924 2422 inisse
963 2356 1163 2444 suffragium

26 2468 27 2473 ’
97 2465 336 2531 confiteatur?
361 2487 441 2529 cum
455 2471 569 2528 autem
586 2463 628 2528 de
645 2484 698 2527 me
723 2461 839 2526 eodem
862 2484 905 2526 ex
928 2469 1065 2528 senatus
1089 2485 1165 2528 con-

96 2571 193 2635 sulto
228 2570 377 2634 comitiis
410 2569 608 2634 centuriatis
637 2565 816 2642 ferebatur,
833 2566 909 2650 quis
936 2573 996 2643 est,
1013 2569 1073 2651 qui
1095 2589 1164 2632 non
1272 2615 1275 2622 -

97 2674 307 2759 profiteatur
337 2695 374 2738 se
405 2671 554 2742 adfuisse
583 2676 619 2736 et
647 2668 848 2755 suffragium
879 2669 920 2734 de
951 2670 1060 2736 salute
1091 2695 1165 2738 mea
1188 2692 1218 2737 10

97 2778 251 2844 tulisse?
300 2777 391 2842 Utra
418 2777 525 2862 igitur
551 2795 652 2840 causa
677 2773 848 2859 popularis
872 2773 972 2839 debet
994 2775 1112 2854 videri,
1128 2778 1162 2842 in

98 2886 170 2969 qua
199 2903 320 2947 omnes
347 2880 540 2944 honestates
567 2878 725 2953 civitatis,
749 2898 864 2942 omnes
890 2885 1026 2957 aetates,
1051 2903 1165 2948 omnes

97 2987 242 3052 ordines
271 3005 341 3048 una
368 2991 480 3048 mente
504 2982 731 3057 consentiunt,
747 3002 789 3046 au
813 2981 848 3045 in
872 3004 939 3067 qua
961 2982 1070 3050 furiae
1091 3007 1166 3050 con-

97 3094 230 3156 citatae
243 3096 422 3173 tamquam
437 3087 481 3151 ad
497 3085 601 3150 funus
617 3086 665 3149 rei
680 3084 833 3171 publicae
851 3089 1058 3154 convolant?
1095 3089 1164 3169 An,
1179 3096 1239 3160 110

97 3194 216 3260 sicubi
247 3193 359 3258 aderit
390 3191 534 3267 Gellius,
562 3189 662 3254 homo
694 3196 730 3253 et
759 3187 863 3255 fratre
895 3192 1067 3279 indignus,
1091 3195 1165 3261 viro
1190 3197 1219 3260 15¹

98 3299 296 3364 clarissimo
323 3303 428 3381 atque
457 3296 585 3381 optimo
615 3294 763 3370 consule,
792 3301 827 3358 et
857 3295 973 3362 ordine
1005 3302 1165 3384 equestri,

99 3405 205 3468 cuius
221 3403 281 3465 ille
299 3400 428 3465 ordinis
445 3421 568 3463 nomen
588 3399 722 3474 retinet,
739 3409 935 3465 ornamenta
957 3403 1114 3483 confecit,
1131 3406 1168 3472 id

26 3560 27 3575 ,
99 3510 169 3574 erit
184 3505 379 3593 populare?
425 3505 510 3568 ‘Est
532 3503 621 3568 enim
645 3502 745 3567 homo
770 3503 834 3568 iste
862 3509 988 3593 populo
1015 3511 1169 3580 Romano
1238 3520 1241 3526 '

100 3609 268 3677 deditus.'
316 3609 412 3672 Nihil
428 3608 499 3673 vidi
515 3607 641 3693 magis3
665 3608 734 3691 qui,
752 3629 827 3672 cum
846 3612 919 3677 eius
936 3614 1168 3700 adulescentia

101 3718 139 3780 in
155 3714 379 3800 amplissimis
395 3711 578 3776 honoribus
592 3713 716 3775 summi
732 3712 805 3789 viri,
820 3713 857 3777 L.
877 3715 1026 3806 Philippi
1043 3726 1168 3806 vitrici,
1192 3745 1222 3791 20

102 3819 227 3885 florere
252 3817 432 3904 potuisset,
447 3837 556 3900 usque
571 3836 612 3880 eo
634 3836 703 3880 non
725 3815 793 3880 fuit
816 3822 1000 3908 popularis
1017 3835 1058 3896 ut
1079 3827 1169 3902 bona

1233 3919 1242 3950 4

423 378 437 406 ,
462 314 695 378 csr.49s1,s
720 317 838 368 10a11o.
1156 306 1220 372 225
