2800 4367
441 359 523 410 car.
549 361 635 420 nera,
658 362 672 422 s
694 363 782 412 acar.
1122 353 1184 418 189

94 556 154 598 non
169 531 503 598 honorificentissime
520 531 561 596 de
579 554 651 598 mea
671 533 782 599 salute
806 533 1029 600 decrevisset:
1055 559 1131 602 cum

94 638 198 703 subito
227 636 367 700 edicunt
396 635 465 700 duo
496 636 664 712 consules,
695 644 731 701 et
760 636 803 701 ad
833 661 932 703 suum
968 641 1130 706 vestitum

93 749 254 808 senatores
294 740 451 805 redirent.
499 739 586 820 Quis
625 762 786 827 umquam
818 744 937 808 consul
976 754 1128 810 senatum

94 847 190 930 ipsius
206 845 350 911 decretis
365 866 481 929 parere
505 843 686 930 prohibuit,
704 846 781 930 quis
805 853 969 932 tyrannus
994 849 1130 914 miseros

94 951 201 1036 lugere
217 948 352 1015 vetuit?
400 948 570 1014 Parumne
593 954 654 1025 est,
681 947 771 1024 Piso,
794 957 834 1014 ut
856 952 1009 1015 omittam
1034 951 1133 1017 Gabi·
1157 969 1186 1014 ιο

95 1056 189 1131 nium,
216 1052 310 1138 quod
335 1060 470 1118 tantum
499 1053 650 1118 homines
678 1052 843 1130 fefellisti,
872 1062 912 1119 ut
935 1055 1131 1142 neglegeres

94 1159 319 1223 auctoritatem
356 1166 503 1235 senatus,
535 1159 665 1243 optumi
696 1159 862 1244 cuiusque
893 1160 1032 1224 consilia
1058 1182 1134 1225 cou-

94 1271 260 1339 temneres,
291 1284 361 1327 rem
391 1261 560 1347 publicam
591 1261 761 1346 proderes,
796 1264 971 1328 consulare
1010 1285 1130 1330 nornen

36 1376 37 1443 ξ
94 1365 284 1454 adfligeres?
340 1367 484 1431 etiamne
523 1365 653 1433 edicere
691 1365 827 1443 audeas,
866 1389 906 1432 ne
945 1377 1133 1432 maererent

94 1472 235 1536 homines
271 1493 387 1548 meam,
419 1492 525 1547 suam,
556 1472 605 1536 rei
639 1457 794 1557 publicae
826 1472 1060 1547 calamitatem,
1093 1487 1186 1536 ne1s

35 1562 36 1657 J
94 1577 173 1642 hunc
203 1597 306 1640 suum
336 1575 484 1640 dolorem
516 1582 608 1640 veste
648 1575 905 1667 significarent?
956 1575 1035 1641 Sive
1074 1576 1133 1641 illa

94 1682 187 1746 vestis
219 1681 363 1745 mutatio
392 1679 436 1743 ad
472 1679 604 1744 luctum
641 1681 790 1764 ipsorum
829 1681 901 1745 sive
939 1679 982 1744 ad
1020 1680 1133 1765 depre-

94 1786 230 1849 candum
252 1783 395 1860 valebat,
411 1783 487 1868 quis
516 1804 677 1868 umquam
702 1791 769 1848 tam
799 1782 945 1848 crudelis
967 1783 1044 1860 fuit,
1070 1786 1129 1868 qui

35 1960 36 1977 χ
95 1890 276 1974 prohiberet
313 1909 516 1974 quemquam
547 1895 609 1952 aut
639 1887 703 1952 sibi
739 1909 884 1952 maerere
914 1895 975 1952 aut
1013 1890 1132 1953 ceteris

34 2062 35 2075 ἶ
94 1993 298 2078 supplicare?
345 1991 462 2071 Quid?
484 2012 546 2056 sua
566 1999 686 2077 sponte
712 1991 863 2056 homines
890 1992 926 2055 in
948 1993 1130 2081 amicorum
1147 1997 1187 2058 33

35 2172 36 2181 ¹
95 2099 243 2180 periculis
256 2097 417 2162 vestitum
434 2103 564 2160 mutare
582 2117 649 2160 non
665 2095 800 2160 solent?
818 2118 878 2180 pro
895 2103 927 2160 te
944 2095 1026 2181 ipsc,
1045 2095 1132 2172 Piso,
1157 2112 1186 2156 m

34 2230 37 2246 ¹·
96 2223 227 2267 nemone
241 2199 409 2265 mutabit?
424 2222 466 2264 ne
479 2200 537 2263 isti
550 2198 697 2284 quidem,
710 2221 795 2284 quos
812 2200 941 2286 legatos
954 2221 1021 2264 non
1035 2200 1133 2264 modo

34 2290 35 2301 ¹
96 2308 180 2371 nullo
191 2304 509 2380 senatusconsulto,
521 2302 582 2368 sed
596 2305 699 2368 etiam
712 2311 922 2390 repugnante
934 2312 1054 2369 senatu
1071 2304 1133 2370 tibi

95 2415 159 2474 tute
175 2409 323 2496 legasti?
369 2407 459 2493 Ergo
475 2407 619 2471 hominis
638 2407 807 2492 desperati
822 2415 858 2472 et
883 2407 1061 2492 proditoris
1085 2410 1133 2473 rei

34 2502 37 2533 ⁵
96 2512 237 2596 publicae
270 2533 384 2577 casum
415 2511 583 2598 lugebunt
613 2510 766 2588 fortasse,
795 2512 855 2596 qui
886 2512 1023 2587 volent3
1051 2513 1135 2578 civis
1158 2529 1188 2573 25

96 2614 313 2681 florentissimi
328 2616 557 2681 benivolentia
572 2614 735 2679 bonorum
751 2624 787 2681 et
809 2616 934 2701 optime
959 2616 1000 2682 de
1023 2617 1132 2682 salute

97 2721 212 2802 patriae
252 2720 362 2784 meriti
400 2718 588 2804 periculum
620 2720 840 2784 coniunctum
872 2741 948 2784 cum
984 2721 1134 2809 periculo

97 2823 234 2889 civitatis
257 2825 376 2910 lugere
403 2823 536 2888 senatui
560 2844 626 2886 non
655 2822 792 2888 licebit?
841 2822 1027 2909 Eidemque
1058 2846 1133 2889 con·

98 2928 187 3004 suleS,
203 2930 233 2992 si
249 2928 442 3013 appellandi
457 2934 539 2992 sunt
561 2920 727 3002 consules,
753 2949 838 3012 quos
861 2950 960 2993 nemo
975 2935 1027 2994 est
1049 2929 1133 3013 quin

98 3052 156 3095 non
171 3032 271 3097 modo
294 3054 336 3097 ex
362 3033 530 3107 memoria,
546 3030 607 3096 sed
629 3032 730 3096 etiam
754 3053 796 3096 ex
819 3030 916 3096 fastis
942 3031 1134 3098 evellendos
1159 3048 1188 3093 so

99 3144 196 3218 putet,
209 3143 308 3222 pacto
324 3137 391 3200 iam
407 3135 540 3200 foedere
557 3136 804 3220 provinciarum
822 3134 977 3219 producti
994 3137 1027 3200 in
1045 3137 1133 3202 circo

100 3238 255 3305 Flaminio
278 3241 313 3304 in
336 3241 526 3305 contionem
550 3239 592 3303 ab
618 3240 677 3302 illa
699 3238 789 3303 furia
814 3261 852 3304 ac
880 3247 974 3324 peste
1005 3241 1133 3325 patriae

100 3346 235 3408 maximo
250 3366 326 3409 cum
343 3345 472 3431 gemitu
489 3349 601 3408 vestro
617 3343 676 3407 illa
692 3344 813 3419 omnia,
828 3363 913 3429 quae
930 3351 1003 3409 tum
1017 3352 1134 3409 contra

100 3468 144 3513 me
168 3456 351 3534 contraque
377 3470 444 3514 rem
472 3447 640 3532 publicam
667 3447 864 3534 agebantur,
894 3470 975 3514 voce
1003 3471 1041 3514 ac
1063 3471 1136 3514 sen·

101 3555 197 3617 tentia
211 3575 272 3618 sua
287 3552 602 3639 ccmpmbaverunt.
647 3569 710 3616 xv.
737 3552 917 3638 Isdemque
941 3553 1133 3620 consulibus

101 3657 284 3723 sedentibus
300 3666 402 3743 atque
420 3657 685 3743 inspectantibus
710 3657 778 3722 lata
801 3658 858 3722 lex
883 3666 945 3736 est,
972 3657 1028 3722 ΝΕ
1051 3675 1134 3722 Abs-

102 3776 193 3826 rrcIA
226 3779 434 3839 ΕΑΕΕΕΕΝΤ,
465 3779 515 3825 ΝΕ
544 3777 630 3834 quis
661 3777 937 3839 onuuurraaur,
969 3779 1019 3826 Nu
1049 3779 1133 3836 oms

102 3880 179 3932 Lue1
215 3883 504 3943 lurunclsnusur,
545 3883 593 3932 UT
631 3883 797 3933 OMNIBUS
835 3883 962 3934 FASTIS
1001 3883 1134 3934 DIEBUS
