2800 4367
201 335 264 401 116
549 346 622 396 rao
645 347 676 396 r.
700 345 822 398 sunna
845 345 994 395 orario.

252 528 364 585 tamne
388 540 502 584 amens
527 540 625 594 eram,
650 527 698 592 ut,
717 539 795 582 cum
819 517 952 582 litterae
977 515 1179 601 posteritatis
1194 534 1282 580 causa

252 630 401 708 repertae
418 624 497 698 sint,
514 643 600 708 quae
624 620 775 686 subsidio
793 620 954 686 oblivioni
979 642 1050 686 esse
1075 626 1213 704 possent,
1229 639 1282 702 ego

252 735 419 792 recentem
437 735 589 811 putarem
614 727 806 790 memoriam
834 725 948 790 cuncti
976 733 1111 790 senatus
1135 743 1283 788 commen-

200 835 240 897 46
253 831 336 896 tario
354 852 427 896 meo
444 852 539 914 posse
556 829 733 914 superari?
780 829 865 893 Fero
889 851 951 915 ego
975 836 1019 902 te,
1037 827 1211 911 Torquate,
1226 828 1283 889 iam

201 953 228 996 11
251 933 391 1011 dudum,
416 934 487 999 fero
510 943 546 999 et
572 955 641 997 non
671 954 856 1018 numquam
884 934 1034 997 animum
1057 932 1224 995 incitatum
1247 929 1283 992 ad

254 1037 481 1102 ulciscendam
511 1039 695 1102 orationem
725 1045 818 1102 tuam
845 1059 966 1102 revoco
996 1038 1067 1120 ipse
1095 1042 1131 1100 et
1155 1033 1283 1108 reflecto,

253 1143 412 1228 permitto
427 1141 558 1226 aliquid
574 1141 765 1206 iracundiae
782 1149 870 1217 tuae,
888 1141 932 1206 do
947 1141 1201 1215 adulescentiae,
1213 1137 1284 1203 cedo

251 1247 425 1321 amicitiae,
443 1245 553 1309 tribuo
568 1247 710 1330 parenti.
756 1245 832 1322 Sed,
846 1246 911 1310 nisi
927 1244 988 1310 tibi
1003 1244 1149 1329 aliquem
1163 1242 1285 1306 modum

201 1364 230 1409 15
251 1357 325 1416 tute
352 1350 578 1426 constitueris,
602 1371 701 1436 coges
728 1372 780 1415 ine
806 1349 949 1414 oblitum
973 1347 1104 1413 nostrae
1135 1347 1285 1411 amicitiae

254 1453 373 1519 habere
398 1455 561 1518 rationem
582 1475 674 1518 meae
699 1453 884 1540 dignitatis.
933 1453 1041 1518 Nemo
1064 1474 1219 1537 umquam
1238 1471 1285 1512 me

254 1559 452 1623 tenuissima
475 1559 665 1643 suspicione
689 1559 898 1642 perstrinxit,
921 1580 1022 1643 quem
1046 1580 1113 1621 non
1137 1563 1287 1641 perverto

254 1664 316 1726 rim
332 1685 370 1726 ac
387 1662 615 1748 perfregerim.
663 1661 730 1727 Sed
753 1663 835 1725 mihi
859 1663 922 1726 hoc
948 1661 1062 1727 credas
1080 1663 1197 1726 velim:
1220 1660 1286 1722 Non

254 1768 295 1831 iis
327 1767 546 1831 libentissime
579 1766 670 1831 soleo
706 1766 918 1850 respondere,
952 1789 1036 1852 quos
1075 1765 1155 1829 mihi
1185 1763 1287 1830 videor

201 1874 241 1936 47
257 1869 415 1934 facillime
431 1891 528 1954 posse
544 1891 710 1954 superare.
757 1871 811 1933 Tu
836 1871 994 1956 quoniam
1018 1871 1154 1934 minime
1169 1871 1287 1955 ignoras

201 1988 230 2034 21
253 1973 533 2038 consuetudinem
557 1973 690 2038 dicendi
719 1996 836 2050 meam,
860 1975 931 2038 noli
958 1975 1019 2039 hac
1047 1975 1185 2039 lenitate
1211 1993 1289 2035 nova

256 2077 351 2142 abuti
378 2099 461 2154 mea,
485 2079 554 2142 noli
577 2079 710 2142 aculeos
738 2080 898 2143 orationis
926 2101 1027 2168 meae,
1056 2079 1115 2163 qui
1138 2076 1288 2142 reconditi

255 2193 346 2259 sunt,
371 2203 529 2247 excussos
551 2182 714 2259 arbitrari,
740 2184 809 2246 noli
836 2182 871 2246 id
899 2185 1035 2247 omnino
1062 2205 1081 2246 a
1108 2205 1160 2248 me
1182 2188 1288 2266 putare

255 2289 510 2363 esseamissnm,
528 2286 658 2372 siquid
677 2296 730 2353 est
753 2287 814 2351 tibi
838 2289 1013 2352 remissum
1042 2296 1144 2371 atque
1171 2307 1290 2351 conoes-

201 2406 231 2452 25
252 2412 337 2455 snm.
384 2378 471 2455 Cum
487 2393 563 2456 illae
582 2393 698 2456 valent
715 2391 805 2476 apud
826 2415 878 2457 me
905 2393 1139 2457 excusationes
1160 2392 1289 2455 iniuriae

255 2503 343 2572 tuae,
371 2496 476 2560 iratus
506 2497 637 2559 animus
665 2504 755 2570 tuus,
782 2504 883 2570 aetas,
909 2497 1056 2560 amicitia
1081 2504 1202 2571 nostra,
1226 2503 1290 2558 tum

254 2600 405 2664 nondum
435 2607 549 2664 statuo
575 2608 609 2664 te
637 2601 758 2664 virium
784 2601 864 2663 satis
888 2599 1017 2676 habere,
1042 2609 1083 2664 ut
1105 2622 1168 2686 ego
1191 2609 1290 2666 tecum

255 2704 375 2770 luctari
400 2712 435 2771 et
457 2704 615 2791 congredi
640 2704 789 2768 debeam.
837 2703 967 2784 Quodsi
995 2727 1085 2770 esses
1111 2727 1176 2769 usu
1200 2712 1290 2787 atque

255 2818 365 2874 aetate
381 2810 559 2885 robustior,
576 2831 683 2874 essem
698 2809 799 2885 idem,
817 2811 874 2894 qui
893 2811 992 2886 soleo,
1010 2831 1086 2874 cnm
1103 2830 1178 2873 sum
1201 2809 1292 2871 laces-

204 2928 233 2972 30
255 2916 340 2980 situs
351 2939 360 2990 ;
384 2936 474 2979 nunc
491 2922 603 2979 tecum
619 2915 666 2978 sic
683 2934 790 2999 agam,
807 2915 925 2978 tulisse
949 2923 990 2979 ut
1011 2915 1123 2999 potius
1147 2912 1291 2975 iniuriam

203 3023 354 3104 48quam
381 3018 552 3082 rettulisse
583 3019 727 3104 gratiam
759 3017 883 3082 videar,
944 3035 1035 3082 xvn.
1061 3015 1180 3101 Neque
1211 3035 1290 3085 vero,

257 3122 340 3208 qnid
356 3122 438 3185 mihi
460 3123 611 3196 irascare,
639 3121 836 3208 intellegere
862 3143 1007 3208 possum.
1054 3120 1099 3197 si,
1118 3121 1208 3206 quod
1223 3141 1290 3184 eum

257 3225 411 3302 defendo,
429 3248 529 3310 quem
546 3234 584 3291 tu
601 3247 746 3304 accusas,
764 3249 824 3292 our
847 3227 907 3290 tibi
931 3249 993 3313 ego
1020 3248 1088 3291 non
1112 3245 1290 3316 suscenseo,

257 3330 348 3416 quod
372 3351 508 3395 accusas
534 3352 621 3406 enm,
645 3353 747 3415 quem
779 3354 840 3416 ego
871 3330 1043 3396 defendo?
1104 3331 1290 3394 ‘Inimicum

217 3451 233 3497 5
255 3435 339 3522 ego,'
356 3436 481 3520 inquis,
500 3443 641 3498 ‘accuso
658 3434 790 3500 meum'
837 3435 882 3498 Et
905 3437 1048 3500 amicum
1073 3458 1136 3521 ego
1159 3435 1291 3500 defendo

257 3563 378 3605 meum.
436 3540 530 3604 ‘Non
561 3539 662 3604 debes
692 3548 730 3602 tu
762 3561 966 3624 quemquam
997 3541 1032 3602 in
1063 3538 1291 3604 coniurationis

257 3647 453 3729 quaestione
485 3643 687 3709 defendere?
734 3643 840 3707 Immo
876 3666 972 3709 nemo
1005 3645 1111 3730 magis
1142 3667 1228 3721 eum,
1257 3642 1290 3705 de

257 3772 325 3835 quo
355 3750 439 3813 nihil
472 3771 633 3833 umquam
660 3756 712 3812 est
743 3749 943 3833 suspicatus,
977 3771 1076 3840 quam
1108 3750 1146 3825 is,
1175 3750 1231 3833 qui
1258 3747 1291 3810 de

254 3855 329 3919 aliis
361 3854 469 3916 multa
501 3853 672 3939 cogitavit.
735 3851 826 3914 ‘Cur
857 3847 974 3916 dixisti
1005 3854 1235 3918 testimonium
1263 3853 1292 3914 in
