2800 4367
481 345 562 397 cnr.
587 348 659 408 aro,
684 348 698 407 s
768 348 807 395 24.
1169 334 1211 399 81

101 540 172 603 ego
183 518 415 584 inmortalibus
431 518 575 583 ducibus
591 518 677 583 hanc
694 526 851 596 mentem,
867 518 1028 597 Quirites,
1041 517 1159 584 volun·

103 630 284 708 tatemque
312 624 444 705 suscepi
469 629 571 707 atquc
596 621 639 685 ad
662 622 743 687 liaeo
760 629 855 685 tanta
870 621 995 685 indicia
1010 623 1159 706 perveni.
1183 639 1213 684 at

103 724 183 790 Iam
200 748 280 792 vero
296 728 337 792 ab
352 727 499 791 Lentulo
515 728 701 811 ceterisque
719 720 911 791 domesticis
923 725 1077 791 hostibus
1091 735 1158 792 tam

103 830 286 897 dementer
300 838 413 895 tantae
429 852 481 895 res
498 830 644 895 creditae
661 838 695 895 et
710 831 835 916 ignotis
851 837 886 895 et
905 829 1051 897 barbaris
1074 854 1160 896 com·

104 936 298 1020 missaeque
314 936 446 1001 litterae
463 946 648 1019 numquam
666 943 779 999 essent
795 934 956 1019 profecto,
969 936 1034 1000 nisi
1050 935 1094 1000 ab
1108 936 1159 1001 dis
1216 959 1218 963 ·

104 1040 343 1104 inmortalibus
360 1040 439 1103 huic
456 1046 569 1120 tantae
586 1038 745 1103 audaciae
762 1040 938 1103 consilium
957 1047 1045 1104 esset
1067 1061 1159 1124 erep-

104 1150 195 1207 tum.
243 1143 335 1223 Quid
359 1144 465 1209 vero?
488 1151 528 1207 ut
551 1143 703 1207 homines
731 1142 821 1207 Galli
845 1165 887 1208 ex
911 1145 1048 1208 civitate
1072 1145 1157 1209 male
1184 1163 1215 1207 ac

104 1250 238 1331 pacata,
270 1270 355 1333 quae
387 1268 469 1334 gens
502 1268 569 1311 una
600 1254 713 1323 restat,
745 1268 831 1332 quae
869 1247 994 1312 bellum
1033 1250 1159 1333 populo
1189 1240 1195 1249 ⁹

105 1352 262 1417 Romano
286 1351 396 1417 facere
425 1359 460 1417 et
486 1372 582 1437 posse
610 1359 645 1417 et
672 1373 739 1415 non
767 1352 856 1416 nolle
874 1351 1047 1429 uideatur,
1064 1375 1157 1437 spem

104 1456 242 1540 imperii
269 1478 307 1521 ac
337 1477 448 1520 rerum
480 1478 714 1543 maxumarum
747 1457 838 1521 ultro
868 1455 931 1520 sibi
962 1478 982 1519 a
1009 1458 1157 1541 patriciis

104 1560 303 1625 hominibus
330 1561 474 1624 oblatam
503 1560 723 1647 neglegerent
760 1568 975 1645 vestramque
1015 1562 1157 1644 salutem

105 1666 182 1729 suis
198 1665 317 1749 opibus
333 1673 585 1751 anteponerent,
602 1665 639 1730 id
652 1688 721 1730 non
744 1665 910 1731 divinitus
933 1688 1006 1731 esse
1033 1666 1161 1730 iactum
1185 1682 1215 1727 35

105 1770 251 1855 putatis,
268 1771 463 1855 praesertim
480 1771 617 1855 quinos
634 1792 701 1835 non
726 1769 919 1857 pugnando,
935 1769 996 1835 sed
1019 1770 1160 1836 tacendo

106 1896 268 1959 superare
285 1875 481 1959 potuerint?

156 1996 193 2040 x.
240 1976 348 2057 Quam
367 1978 504 2053 obrem,
522 1977 682 2057 Quirites,
708 1979 867 2063 quoniam
891 1977 934 2042 ad
957 1978 1069 2043 omnia
1091 1981 1214 2064 pul-23

107 2084 242 2147 vinaria
254 2082 455 2167 supplicatio
469 2081 602 2159 decreta
614 2090 675 2158 est,
689 2082 891 2147 celebratote
904 2082 980 2146 illos
993 2081 1065 2147 dies
1082 2105 1160 2148 cum

107 2186 313 2273 coniugibus
329 2208 368 2251 ac
384 2185 496 2262 liberis
520 2188 650 2251 vestris.
697 2186 784 2251 Nam
795 2187 895 2250 multi
908 2208 1006 2271 saepe
1019 2187 1160 2253 honores

108 2290 164 2355 dis
182 2290 415 2355 inmortalibus
431 2292 513 2356 iusti
530 2291 634 2355 habiti
651 2299 733 2355 sunt
747 2312 785 2356 ac
802 2290 916 2368 debiti,
933 2290 993 2356 sed
1011 2292 1162 2377 profecto

108 2396 270 2461 iustiores
300 2416 495 2479 numquam.
554 2395 669 2479 Erepti
699 2396 788 2459 enim
821 2396 902 2459 estis
933 2417 976 2463 cx
1008 2395 1165 2461 crudelis·
1201 2416 1216 2459 5

109 2502 199 2565 simo
214 2522 251 2565 ac
268 2501 452 2565 miserrimo
471 2500 628 2573 interitu3
656 2501 728 2564 siue
754 2499 864 2576 caede,
888 2501 960 2564 sine
986 2502 1161 2586 sanguine,

110 2606 186 2669 sine
197 2606 358 2680 exercitu,
371 2605 443 2669 sine
455 2604 669 2668 dimicatione
686 2606 793 2690 togati
804 2625 856 2667 me
867 2625 935 2667 uno
948 2611 1064 2690 togato
1077 2605 1162 2670 duce

111 2716 147 2773 ct
171 2710 370 2792 imperatore
392 2709 531 2773 vicistis.
588 2708 723 2773 Etenim
743 2708 973 2784 recordamini,
1002 2708 1217 2787 Quirites24

79 2892 85 2907 x
111 2814 222 2877 omnis
238 2812 354 2877 civiles
371 2811 605 2890 dissensiones
622 2835 689 2877 non
706 2814 815 2877 solum
831 2834 992 2897 eosquos
1008 2813 1162 2887 audistis,

111 2916 173 2981 sed
188 2938 254 2991 eae,
272 2936 356 2999 quas
372 2923 503 2981 vosmet
518 2918 582 3002 ipsi
600 2918 798 2982 meministis
815 2923 918 3001 atque
935 2917 1078 2983 vidistis.
1125 2919 1163 2981 L.
1188 2939 1217 2983 10

113 3019 645 3106 SullaP.Sulpiciumcppressit3
664 3021 869 3097 G.Marium,
878 3021 1051 3085 custodem
1060 3022 1161 3087 huius

113 3126 217 3202 urbiS,
235 3126 428 3209 multosque
452 3124 549 3190 fortis
566 3120 655 3191 uiros
679 3127 802 3211 partim
825 3126 925 3190 eiecit
947 3147 990 3190 ex
1014 3127 1162 3203 civitate,

113 3232 236 3314 partim
256 3230 437 3295 interemit.
487 3230 548 3293 Cn.
575 3230 739 3295 Octavius
763 3229 883 3294 consul
906 3231 1008 3294 armis
1031 3232 1164 3315 expulit

114 3356 156 3399 ex
174 3333 256 3398 urbe
272 3334 455 3420 collegam3
480 3336 588 3399 omnis
605 3334 657 3399 hic
674 3334 770 3399 locus
785 3334 913 3399 acervis
936 3356 1111 3418 corporum
1129 3342 1164 3400 et

114 3438 422 3524 civium'sanguine
447 3437 658 3503 redundavit.
708 3437 889 3523 Superav'it
914 3445 1030 3524 postea
1055 3438 1217 3502 Cinnam

115 3565 191 3607 cum
209 3542 318 3606 Mario
330 3566 337 3618 3
354 3549 427 3607 tum
440 3564 520 3608 vero
533 3544 723 3607 clarissimis
738 3544 817 3607 viris
830 3542 1019 3608 interfectis
1035 3544 1164 3607 lumina

57 3700 65 3715 .
116 3648 264 3713 civitatis
294 3648 444 3713 extincta
482 3655 572 3711 sunt.
635 3647 738 3711 Ultus
777 3655 829 3711 cst
865 3647 967 3711 huius
1005 3648 1164 3713 victoriae

117 3742 350 3817 crudelitatem
374 3759 490 3835 postea
515 3750 629 3825 Sulla3
654 3773 695 3815 ne
720 3750 786 3814 dici
818 3750 954 3835 quidem
987 3773 1071 3835 opus
1101 3761 1163 3829 cst,

118 3864 245 3943 quanta
272 3856 502 3921 deminutione
530 3856 653 3921 civium
684 3863 718 3919 et
746 3862 873 3941 quanta
898 3856 1089 3921 calamitate
1114 3857 1165 3922 rei
