2800 4367
185 297 247 364 146
541 309 749 360 nrrsronan
772 309 968 360 sunncrnn.

236 481 348 548 lorum
365 483 482 569 stipati
503 482 661 570 gregibus
679 483 863 548 amicorum
881 481 1134 558 descendimus,
1143 481 1262 564 reperire
1338 499 1355 540 1¹

235 609 278 652 ex
301 609 422 673 magna
438 587 538 652 turba
553 588 720 653 neminem
736 609 926 674 possumus,
943 609 1098 673 quocum
1113 591 1170 650 aut
1183 585 1265 650 iocari
1345 620 1355 644 ,ι

235 692 337 758 libere
363 701 424 756 aut
448 692 615 778 suspirare
647 691 858 758 familiariter
880 695 1061 778 possimus.
1111 688 1265 768 Quarete
1354 709 1355 746 1

235 805 477 882 exspectamus,
495 804 527 862 te
544 795 784 873 desideramus,
801 798 918 861 teiam
940 798 1046 862 etiam
1071 795 1268 866 arcessimus3
1348 850 1349 853 ,

183 921 213 966 co
234 902 341 965 multa
359 911 440 965 sunt
464 901 563 977 enim,
579 922 666 985 quae
687 921 740 966 me
763 900 948 965 sollicitant
971 907 1188 988 anguntque,
1203 918 1271 981 quae
1347 917 1355 956 .·1

235 1005 316 1070 mihi
333 1004 450 1070 videor
463 1027 560 1070 aures
584 1013 704 1070 nactus
730 1011 815 1069 tuas
832 1005 933 1069 unius
958 1003 1203 1070 ambulationis
1222 1021 1274 1064 ser·

203 1112 332 1174 2mone
347 1107 524 1174 exhaurire
541 1129 647 1193 posse.
693 1109 746 1173 Ac
762 1108 1022 1174 domesticarum
1040 1106 1185 1194 quidem
1202 1103 1275 1168 solli·
1354 1129 1355 1136 ¹

236 1213 425 1277 citudiuum
440 1213 574 1305 aculeos
590 1233 705 1278 omnes
721 1219 757 1278 et
771 1213 947 1297 scrupulos
970 1211 1167 1286 occultabo
1184 1229 1276 1291 neque

236 1339 298 1403 ego
314 1318 392 1381 huic
409 1317 569 1402 epistolae
591 1327 693 1401 atque
718 1318 834 1403 ignoto
858 1316 1032 1382 tabellario
1058 1314 1277 1383 committan3
1354 1335 1355 1371 1

182 1441 212 1486 aa
234 1428 336 1506 atque
362 1421 540 1485 hi-nolo
567 1422 657 1485 enim
686 1429 720 1486 te
749 1422 1071 1505 permoveri—non
1106 1426 1190 1484 sunt
1218 1435 1277 1499 per·
1354 1427 1355 1466 ῑ

236 1527 377 1603 molesti,
393 1524 452 1590 sed
468 1533 582 1590 tamen
598 1525 746 1589 insident
761 1535 796 1589 et
812 1533 936 1611 urgent
951 1534 986 1592 et
998 1527 1135 1590 nullius
1152 1518 1280 1586 amantis
1354 1544 1355 1579 1

235 1629 375 1694 consilio
397 1640 457 1694 aut
479 1651 631 1694 sermone
655 1629 889 1715 requiescunt:
915 1630 950 1692 in
974 1652 1008 1694 re
1033 1629 1181 1714 publica
1204 1642 1279 1694 vero,
1354 1667 1355 1685 2

236 1755 439 1819 quamquam
454 1736 585 1798 animus
609 1740 661 1799 est
683 1755 852 1818 praecone,
870 1741 982 1798 tamen
998 1735 1167 1814 voluntas
1191 1729 1281 1793 etiam
1318 1765 1320 1772 ·
1354 1775 1355 1789 ,

236 1849 337 1923 atque
354 1841 454 1904 etiam
471 1841 544 1924 ipsa
560 1861 612 1904 me
635 1839 768 1914 deficit3
792 1859 881 1915 nam,
898 1847 938 1903 ut
961 1861 1000 1903 ea
1023 1839 1189 1911 breviter,
1206 1851 1279 1917 quae
1354 1835 1355 1892 ὲ

183 1955 213 2002 ³⁰
234 1952 311 2029 post
326 1951 423 2007 tuum
439 1943 624 2008 discessum
639 1954 713 2008 acta
736 1951 827 2020 sunt,
844 1944 1010 2030 colligam,
1027 1945 1096 2006 iam
1122 1939 1282 2007 exclames
1354 1987 1355 1998 ,

235 2069 368 2112 necesse
399 2060 451 2112 est
481 2070 532 2112 res
571 2049 737 2112 Romanas
774 2047 903 2112 diutius
941 2059 1029 2112 stare
1068 2069 1142 2112 non
1182 2060 1279 2128 posse.

235 2153 370 2216 Etenim
402 2160 478 2238 post
508 2151 750 2238 profectionem
788 2159 882 2244 tuam
912 2153 1049 2236 primus,
1084 2161 1127 2216 ut
1160 2148 1281 2234 opinor,
1354 2203 1355 2208 η

234 2259 393 2321 introitus
409 2257 476 2320 fuit
492 2258 526 2319 in
543 2279 677 2321 causam
699 2249 832 2322 fabulae
857 2256 1053 2332 Clodianae,
1071 2258 1108 2320 in
1134 2275 1204 2340 qua
1226 2268 1281 2334 ego

235 2372 363 2438 nectua,
381 2370 421 2426 ut
443 2361 524 2424 mihi
548 2362 694 2438 videbar,
720 2363 829 2426 locum
854 2361 1052 2426 resecandae
1077 2358 1233 2426 libidinis
1254 2359 1284 2415 et

182 2486 212 2532 ar
233 2466 433 2531 coercendae
459 2467 647 2530 iuventutis
678 2466 856 2530 vehemens
883 2464 935 2530 fui
958 2473 994 2530 et
1016 2487 1133 2530 omnes
1151 2454 1282 2550 profudi

236 2573 323 2635 vires
349 2572 451 2634 animi
478 2578 582 2655 atque
609 2571 736 2656 ingenii
763 2572 838 2645 mei,
856 2591 923 2633 non
947 2569 1023 2633 odio
1044 2569 1217 2633 adductus
1232 2560 1284 2626 ali·

236 2675 341 2749 cuius,
365 2673 424 2738 sed
453 2697 512 2759 spe
543 2675 591 2740 rei
622 2675 776 2758 publicae
808 2673 1023 2760 corrigendae
1055 2681 1090 2738 et
1115 2666 1280 2738 sanandae

197 2781 216 2842 3
235 2779 400 2842 civitatis:
424 2778 548 2843 afflicta
564 2801 615 2843 res
633 2779 765 2862 publica
785 2786 837 2844 est
859 2786 972 2862 empto
996 2783 1280 2861 constupratoque
1306 2846 1326 2868 ,.

236 2881 369 2946 iudicio.
416 2882 516 2958 Vide,
533 2904 618 2968 quae
635 2884 704 2947 sint
727 2891 842 2967 postea
866 2889 1064 2946 consecuta:
1089 2880 1212 2946 consul
1234 2880 1282 2940 est

181 2999 212 3045 40
233 2987 409 3071 impositus
424 2988 453 3051 is
469 2987 574 3063 nobis,
591 3009 693 3072 quem
709 3008 806 3051 nemo
829 2994 960 3070 practer
982 3007 1043 3051 nos
1066 2982 1278 3070 philosophos

235 3092 381 3176 aspicere
408 3091 480 3156 sine
502 3092 668 3176 suspiritu
692 3099 813 3174 posset.
861 3089 1036 3167 Quantum
1052 3089 1114 3155 hoc
1132 3080 1277 3156 vulnus!

235 3193 326 3260 iacto
341 3203 478 3260 senatus
502 3195 656 3259 consulto
673 3194 713 3258 de
731 3194 868 3270 ambitu,
886 3193 927 3258 de
951 3194 1084 3260 iudiciis
1107 3197 1205 3260 nulla
1226 3177 1277 3256 lex

234 3300 371 3383 perlata,
400 3300 589 3386 exagitatus
616 3306 764 3373 sensatus,
794 3298 929 3362 alienati
958 3299 1089 3383 equites
1119 3296 1276 3364 Romani:

235 3404 281 3467 sic
298 3404 355 3467 ille
372 3424 481 3466 annus
498 3403 565 3466 duo
581 3402 790 3465 firmamenta
805 3403 853 3466 rei
869 3400 1022 3485 publicae
1039 3423 1162 3486 perine
1176 3419 1276 3468 unum

184 3518 212 3563 45
234 3508 420 3571 constituta
436 3508 578 3580 evertit;
602 3528 677 3569 nam
695 3512 731 3569 et
746 3513 881 3569 senatus
899 3507 1135 3570 anctoritatem
1159 3504 1277 3572 abiecit

190 3656 192 3659 -
235 3618 270 3674 et
282 3610 438 3672 ordinum
451 3609 661 3674 concordiam
673 3609 832 3672 diiunxit.
880 3608 991 3673 Instat
1003 3609 1056 3674 hic
1070 3630 1160 3674 nunc
1173 3627 1274 3674 annus

235 3713 399 3799 egregius.
448 3713 530 3776 Eius
553 3713 688 3776 initium
713 3712 875 3778 eiusmodi
899 3712 976 3789 fuit,
994 3721 1034 3777 ut
1056 3713 1276 3778 anniversaria

233 3837 327 3882 sacra
341 3817 530 3881 Iuventatis
551 3838 619 3881 non
642 3811 950 3880 committerentur:
977 3837 1055 3880 nam
1080 3816 1126 3880 M.
1144 3813 1274 3882 Luculli
