2800 4367
214 347 275 412 160
571 363 776 415 urrs'rorma
799 363 995 414 senseras.

263 533 469 598 iracundiam
506 555 649 610 causam,
682 541 772 600 certe
802 535 941 620 pigritia
976 534 1045 600 fuit
1079 543 1113 600 et
1143 535 1303 621 quaedam

232 638 393 702 uinfinita
409 639 459 702 vis
474 639 685 702 lacrimarum
701 648 737 704 et
752 638 917 704 dolorum.
965 639 1058 704 Haec
1082 641 1150 725 ipsa
1169 662 1224 705 me
1241 662 1304 724 quo

210 755 238 798 ³⁰
261 740 343 806 fletu
359 751 459 826 putas
481 743 680 826 scripsisse?
705 742 833 820 eodem,
851 765 919 828 quo
935 752 969 808 te
985 744 1096 830 legere
1120 752 1204 808 certe
1229 745 1304 808 seio.

264 848 318 910 An
337 869 400 932 ego
423 868 559 931 possum
582 855 643 911 aut
666 868 733 911 non
759 849 905 934 cogitare
930 848 1112 933 aliqnando
1133 847 1171 913 de
1193 857 1228 912 te
1252 857 1308 910 aut

263 972 423 1036 umquam
438 952 510 1015 sine
527 951 673 1016 lacrimis
690 952 863 1038 cogitare?
887 973 964 1017 oum
980 953 1069 1018 enim
1093 960 1126 1016 te
1149 951 1307 1027 desidero,

263 1053 400 1119 fratrem
430 1055 540 1118 solum
576 1053 756 1120 desidero?
794 1077 856 1141 ego
889 1077 966 1120 vero
1005 1057 1170 1121 suavitate
1208 1078 1308 1141 prope

263 1160 446 1244 aequalem,
478 1159 638 1244 obsequio
672 1160 790 1236 filium,
825 1161 963 1224 consilio
999 1168 1187 1245 parentem;
1230 1159 1309 1244 quid

210 1276 238 1320 aa
261 1263 342 1326 mihi
358 1265 429 1328 sine
446 1271 479 1328 te
496 1285 656 1348 nmquam
678 1272 740 1329 aut
763 1264 822 1328 tibi
846 1265 916 1328 sine
940 1287 991 1330 me
1016 1264 1200 1328 iucundum
1220 1263 1311 1328 fuit?

264 1367 366 1447 Quid,
383 1367 475 1453 quod
500 1367 616 1433 eodem
645 1377 794 1453 tempore
822 1367 974 1433 desidero
1001 1369 1129 1432 filiam?
1152 1391 1220 1453 qua
1248 1369 1311 1452 pie

264 1480 424 1557 totaque
439 1472 694 1558 modestiaque
711 1471 865 1560 ingenio!
890 1472 1034 1559 effigiem
1051 1474 1126 1550 oris,
1140 1473 1311 1548 sermonis,

263 1578 364 1640 animi
386 1578 460 1641 mei.
508 1575 600 1655 Quid
627 1578 736 1641 filium
762 1578 1039 1642 venustissimum
1064 1576 1214 1662 mihique
1243 1576 1312 1639 dul-

263 1679 459 1744 cissimum?
482 1701 583 1763 quem
599 1701 661 1765 ego
673 1679 765 1744 ferus
778 1701 816 1744 ac
829 1678 955 1745 ferreus
973 1704 990 1744 e
1007 1682 1183 1765 complexu
1201 1680 1311 1744 dimisi
1363 1737 1364 1770 ζ

210 1797 240 1842 40
262 1806 345 1861 meo,
362 1785 598 1869 sapientiorem
614 1806 758 1868 puerum
774 1806 876 1869 quam
892 1785 1025 1861 vellem,
1041 1785 1209 1850 sentiebat
1226 1784 1311 1849 enim

263 1892 364 1954 miser
393 1891 467 1965 iam,
496 1888 580 1973 quid
609 1898 774 1974 ageretur.
801 1929 804 1936 ·
833 1888 926 1968 Quid
957 1911 1036 1954 vero
1066 1897 1165 1952 tuum
1195 1889 1310 1962 filium,

263 1995 443 2081 imaginem
466 2000 568 2069 tuam,
592 2016 692 2077 quem
715 2014 808 2058 meus
828 1994 946 2058 Cicero
972 2001 1007 2057 et
1031 1993 1164 2057 amabat
1190 2001 1233 2056 ut
1255 1992 1314 2054 ira-

264 2107 408 2163 tremet
437 2099 504 2162 iam
534 2106 573 2161 ut
603 2099 762 2162 maiorem
793 2097 930 2162 fratrem
963 2097 1163 2162 verebatur?
1210 2095 1311 2176 Quid,

264 2202 356 2288 quod
372 2203 546 2267 mulierem
562 2203 789 2278 miserrimam,
808 2203 1034 2267 fidelissimam
1058 2204 1250 2290 coniugem,
1264 2223 1312 2264 ma

210 2322 240 2366 45
261 2308 419 2393 prosequi
435 2328 503 2370 non
518 2328 593 2371 sum
610 2328 738 2391 passus,
756 2317 795 2370 ut
818 2314 915 2383 esset,
933 2329 1018 2392 qnae
1043 2308 1204 2392 reliquias
1231 2328 1313 2371 com-

232 2414 372 2476 4munis
402 2412 614 2486 calamitatis,
646 2431 838 2475 communes
870 2411 991 2476 liberos
1023 2412 1201 2478 tueretur?
1251 2409 1314 2475 Sed

264 2526 386 2592 tamen,
403 2537 540 2600 quoquo
557 2515 656 2580 modo
672 2517 777 2599 potui,
795 2517 911 2600 scripsi
929 2523 964 2579 et
980 2515 1058 2580 dedi
1075 2516 1204 2581 litteras
1223 2516 1267 2580 ad
1283 2523 1313 2578 te

264 2621 463 2706 Philogono,
479 2621 600 2685 liberto
617 2628 685 2695 tuo,
704 2640 787 2703 quas
814 2620 913 2684 credo
940 2620 999 2685 tibi
1025 2629 1141 2704 postea
1165 2621 1313 2685 redditas

264 2747 345 2800 esse,
362 2726 397 2786 in
415 2724 538 2808 quibus
554 2724 642 2788 idem
666 2732 699 2788 te
724 2723 838 2787 hortor
861 2732 896 2789 et
919 2746 1009 2811 roge,
1027 2725 1119 2809 quod
1135 2728 1232 2810 pueri
1254 2723 1313 2788 tibi

211 2841 241 2885 50
263 2827 373 2893 verbis
396 2829 477 2892 meis
501 2829 713 2903 nuntiarunt,
731 2834 771 2891 ut
796 2829 933 2892 Romam
959 2830 1113 2914 protinus
1138 2851 1258 2916 pergas
1282 2833 1314 2891 et

264 2952 441 3016 properes:
468 2931 611 3014 primum
636 2932 725 2995 enim
749 2939 781 2996 te
806 2931 971 3016 praesidio
995 2955 1066 2997 esse
1087 2934 1190 3009 volui,
1209 2935 1236 2998 si
1255 2932 1310 3017 qui

265 3043 378 3101 essent
392 3035 528 3111 inimici,
545 3056 690 3119 quorum
715 3034 895 3100 crudelitas
919 3036 1068 3100 nondum
1088 3045 1178 3102 esset
1200 3043 1313 3102 nostre

264 3140 453 3205 calamitate
480 3141 602 3204 satiata
614 3163 622 3215 ;
647 3139 767 3204 deinde
792 3162 991 3227 congressus
1019 3142 1124 3206 nostri
1155 3142 1312 3206 lamenta·

265 3247 391 3309 tionem
418 3245 595 3328 pertimui3
620 3244 808 3330 digressum
831 3267 910 3310 vero
935 3267 1001 3310 non
1030 3247 1192 3321 tulissem,
1211 3254 1310 3330 atque

211 3362 241 3408 aa
264 3350 365 3424 etiam
390 3348 424 3412 id
452 3350 572 3433 ipsum,
590 3348 682 3433 quod
709 3357 747 3412 tn
775 3350 901 3425 scribla,
927 3350 1126 3425 metuebam,
1151 3371 1194 3414 ne
1218 3372 1238 3414 a
1261 3369 1309 3412 me

265 3453 406 3519 distrahi
422 3474 490 3517 non
515 3475 638 3538 posses.
685 3453 748 3518 His
765 3453 805 3518 de
822 3455 930 3518 causis
954 3454 1016 3518 hoc
1041 3455 1226 3518 maximum
1248 3475 1310 3517 ma-

265 3560 347 3635 lum,
364 3556 457 3643 quod
475 3564 510 3622 te
533 3579 600 3621 non
617 3557 698 3634 vidi,
717 3579 783 3642 quo
807 3558 891 3622 nihil
918 3558 1153 3622 amantissimis
1181 3566 1216 3622 et
1240 3579 1310 3622 con-

266 3662 485 3727 iunctissimis
501 3660 665 3726 fratribus
675 3662 825 3727 acerbius
838 3662 973 3728 videtur
985 3662 1134 3726 accidere
1151 3663 1306 3746 potuisse,

212 3780 243 3827 us
264 3769 375 3831 minus
391 3765 558 3841 acerbum,
576 3768 686 3830 minus
703 3768 859 3832 miserum
883 3767 959 3842 fnit,
979 3787 1077 3850 quam
1095 3765 1218 3830 inisset
1236 3787 1306 3830 cum

231 3873 465 3960 bcongressio,
483 3878 556 3934 turn
579 3893 658 3938 vero
682 3870 849 3958 digressio.
866 3878 991 3934 nostra.
1037 3870 1068 3936 N
1071 3891 1147 3948 unc,
1166 3873 1195 3934 si
1218 3877 1306 3959 potes
