2800 4367
210 335 274 399 234
566 347 638 397 ruo
661 347 691 395 Ρ.
717 347 843 398 susr1o
866 345 1016 397 osane.

260 528 370 584 tamen
402 539 540 604 quoquo
579 526 727 603 tempore
759 525 958 602 conspectus
993 523 1073 593 erat,
1105 537 1170 580 non
1213 515 1351 580 modo

209 640 238 685 ao
260 623 471 710 gladiatores,
488 622 548 688 sed
564 624 642 708 equi
659 623 724 707 ipsi
747 621 971 708 gladiatorum
994 621 1178 706 repentinis
1204 621 1351 686 sibilis

117 733 119 735 ’
190 732 245 794 127
258 727 533 793 extimescebant.
573 726 752 791 Videtisne
769 727 884 814 igitur,
894 733 1061 811 quantum
1074 726 1212 790 intersit
1226 727 1350 790 inter
1376 757 1377 760 ¹

261 833 423 917 populum
440 833 629 897 Romanurn
651 840 687 896 et
709 832 919 907 contionem3
944 830 1097 895 dominos
1113 832 1349 896 contionum

263 937 353 999 omni
377 935 453 999 odio
480 936 596 1021 populi
623 936 753 1010 nota1i3
778 934 901 1020 quibus
928 942 1040 999 autem
1069 935 1262 1000 consistere
1294 937 1347 998 in

261 1061 438 1124 operarum
468 1039 680 1104 contionibus
720 1061 788 1102 non
825 1040 936 1117 liceat,
968 1059 1024 1104 eos
1062 1041 1153 1104 omni
1192 1041 1346 1126 populi

182 1143 237 1204 ‘as
260 1144 402 1209 Romani
428 1143 672 1230 significatione
695 1143 870 1208 decorari?

305 1247 361 1311 Tu
387 1247 471 1311 mihi
496 1248 597 1311 etiam
625 1247 673 1310 M.
690 1247 835 1311 Atilium
864 1248 1035 1335 Regulum
1061 1269 1343 1326 commemoraS,

261 1354 321 1436 qui
344 1351 450 1416 redire
474 1353 545 1436 ipse
569 1351 809 1438 Carthaginem
832 1374 894 1417 sua
917 1353 1091 1419 voluntate
1115 1352 1159 1417 ad
1184 1355 1346 1438 suppli-

260 1457 352 1521 cium
364 1477 465 1541 quam
481 1456 552 1520 sine
568 1455 609 1519 iis
625 1457 777 1542 captivis,
792 1457 946 1541 aquibus
962 1457 1005 1520 ad
1019 1464 1175 1522 senatum
1188 1459 1344 1524 missus

261 1568 342 1636 erat,
359 1561 484 1624 Romae
499 1581 632 1624 manere
652 1560 818 1636 maluerit,
836 1569 871 1625 et
893 1561 975 1624 mihi
998 1582 1100 1647 negas
1123 1562 1344 1646 optandum

168 1659 170 1662 ⁴
207 1681 238 1726 30
259 1665 405 1730 reditum
435 1665 539 1728 fuisse
569 1685 629 1748 per
659 1664 802 1729 familias
840 1673 1047 1750 comparatas
1085 1673 1120 1730 et
1157 1666 1341 1732 homines
1376 1741 1377 1744 Ἴ

260 1769 430 1834 armatos?
475 1785 535 1831 ux.
566 1767 646 1831 Vim
674 1769 806 1834 scilicet
827 1791 889 1856 ego
916 1769 1114 1846 desideravi,
1139 1771 1213 1854 qui,
1233 1771 1339 1835 dum

261 1873 312 1937 vis
328 1873 405 1948 fuit,
422 1872 508 1936 nihil
523 1872 587 1958 egi,
605 1881 767 1957 atquem,
784 1875 813 1938 si
831 1875 882 1940 vis
898 1895 964 1938 non
988 1874 1120 1950 fuisset,
1137 1875 1240 1938 nulla
1272 1899 1339 1941 res

188 1981 245 2043 128
256 1977 458 2042 labefactare
481 1977 656 2063 potuisset.
706 1976 808 2042 Hunc
834 1999 897 2064 ego
920 1978 1066 2043 reditum
1088 1977 1336 2062 repudiarem,

261 2083 320 2167 qui
336 2083 384 2146 ita
399 2081 519 2146 florens
536 2080 613 2158 luit,
631 2090 671 2147 ut
686 2103 810 2159 verear,
828 2104 869 2147 ne
885 2083 1031 2167 quisine
1047 2083 1161 2147 studio
1181 2084 1337 2170 gloriae
1376 2131 1377 2136 κ

222 2194 357 2270 sputet
386 2186 509 2251 idcirco
540 2187 660 2263 exisse,
693 2193 734 2251 ut
763 2187 811 2250 ita
841 2186 1007 2251 redirem?
1070 2187 1179 2266 Quem
1223 2191 1336 2254 enim

260 2312 423 2376 umquam
437 2298 576 2356 senatus
591 2291 699 2356 civem
716 2292 781 2356 nisi
797 2313 849 2356 me
866 2291 1059 2356 nationibus
1075 2293 1201 2356 exteris
1227 2315 1338 2359 com-

260 2395 442 2472 mendavit,
458 2397 555 2460 cuius
583 2416 744 2481 umquam
771 2403 906 2480 propter
933 2397 1075 2461 salutem
1104 2397 1168 2460 nisi
1201 2419 1335 2463 meam
1376 2397 1377 2468 J

260 2507 397 2564 senatus
413 2499 547 2585 publice
563 2501 662 2564 sociis
679 2500 797 2585 populi
814 2500 954 2566 Romani
975 2501 1098 2586 gratias
1114 2501 1211 2587 egit?
1268 2503 1335 2570 De
1376 2565 1377 2570 ,

261 2626 313 2668 me
327 2626 395 2668 uno
410 2613 521 2690 patres
537 2605 718 2689 conscripti
736 2602 969 2679 decreverunt,
983 2612 1031 2680 ut,
1044 2605 1102 2688 qui
1119 2607 1335 2688 provincias

209 2723 239 2768 rc
259 2729 336 2771 cum
352 2710 491 2794 imperio
503 2711 703 2793 optinerent,
716 2709 774 2793 qui
788 2715 980 2792 quaestores
996 2708 1168 2793 legatique
1185 2721 1333 2790 essent,
1376 2715 1377 2756 ῑ

260 2814 404 2876 salutem
421 2821 456 2877 et
471 2814 576 2877 vitam
600 2812 818 2878 custodirent.
866 2812 907 2875 In
931 2833 998 2875 una
1022 2834 1094 2876 mea
1117 2833 1219 2878 causa
1236 2827 1336 2899 post
1376 2827 1377 2830 ’

262 2917 401 2982 Romam
418 2916 588 2980 conditam
603 2915 730 2981 lactum
746 2924 808 2993 est,
823 2924 863 2981 ut
878 2917 1001 2980 litteris
1018 2916 1258 2984 consularibus
1278 2943 1332 2986 ex

262 3028 398 3086 senatus
414 3020 568 3085 consulto
584 3027 707 3085 cuncta
723 3043 765 3085 ex
782 3020 882 3084 Italia
898 3041 1021 3097 omnes,
1039 3021 1098 3105 qui
1114 3042 1184 3084 rem
1204 3023 1335 3106 publi-

263 3146 335 3188 cam
363 3125 490 3189 salvam
518 3124 655 3201 vellent,
672 3133 947 3189 convocarentur.
995 3123 1096 3202 Quod,
1124 3145 1332 3210 numquam

211 3242 239 3286 15
260 3237 396 3293 senatus
413 3231 447 3292 in
467 3229 644 3295 universae
667 3229 715 3292 rei
739 3227 891 3314 publicae
919 3228 1069 3313 periculo
1096 3226 1266 3308 decrevit,
1288 3235 1331 3298 id

263 3333 297 3394 in
314 3334 415 3398 unius
432 3355 504 3398 mea
519 3333 628 3397 salute
645 3333 874 3397 conservanda
893 3331 1142 3398 decernendum
1165 3339 1329 3418 putavit.

266 3436 376 3517 Quem
391 3438 483 3502 curia
498 3438 604 3524 magis
628 3438 816 3523 requisivit,
833 3459 935 3523 quem
958 3437 1070 3502 forum
1092 3438 1192 3514 luxit,
1211 3461 1326 3524 quem

263 3563 368 3626 aeque
384 3543 456 3625 ipsa
472 3541 652 3606 tribunalia
668 3541 968 3608 desideraverunt?
1016 3543 1140 3607 Omnia
1159 3541 1327 3614 discessu
1369 3535 1377 3602 f

263 3667 336 3708 meo
363 3644 504 3720 deserta,
528 3644 671 3721 horrida,
696 3653 800 3722 muta,
825 3647 924 3731 plena
950 3647 1063 3712 luctus
1090 3655 1126 3713 et
1152 3654 1326 3718 maeroris

210 3762 240 3805 ac
262 3746 412 3810 fuerunt.
459 3747 545 3824 Quis
559 3756 611 3811 est
626 3749 744 3813 Italiae
761 3751 865 3826 locus,
880 3750 915 3812 in
928 3771 996 3834 quo
1013 3771 1079 3814 non
1096 3751 1203 3813 fixum
1219 3754 1324 3820 sitin

262 3849 404 3930 publicis
419 3852 644 3931 monumentis
659 3850 810 3914 studium
826 3853 945 3916 salutis
962 3874 1064 3928 meae,
1079 3855 1325 3924 testimonium
1376 3923 1377 3930 ,

265 3949 463 4034 dignitatis?
