2800 4367
198 307 263 376 152
560 319 767 374 urrsrorse
788 317 986 374 superse

211 511 227 558 s
248 495 424 574 eiusmodi,
441 503 482 562 ut
495 495 577 560 mihi
593 496 684 562 ultre
698 495 948 584 quadringente
964 495 1056 561 milia
1073 495 1181 562 iieerei
1198 512 1260 562 esse.

250 601 316 664 Illo
331 622 410 666 eum
423 601 599 686 pervenire
615 623 684 666 nou
709 601 835 678 liceret,
852 602 967 666 statim
989 601 1055 666 iter
1076 599 1262 665 Brundisium

250 725 368 770 versus
384 705 513 771 contuli
536 711 614 770 ente
638 704 727 770 diem
752 705 946 792 rogationis,
963 726 1005 770 ne
1027 711 1063 769 et
1085 703 1181 780 Sicca,
1195 704 1283 794 upud⁸

175 874 183 886 ,
249 828 352 894 quem
374 829 475 885 erem,
491 809 617 894 periret
638 815 674 873 ei
695 807 787 894 quod
812 807 950 874 Melitae
974 829 1046 874 esse
1070 829 1136 872 non
1159 807 1265 872 licebat.

250 911 351 978 Nune
367 920 405 977 tu
418 933 569 998 propere,
579 921 620 977 ut
630 933 691 978 nos
703 913 956 997 consequere‚si
968 912 1067 978 modo
1080 913 1267 997 recipiemur:

197 1031 227 1078 ιο
248 1016 358 1082 adhue
374 1018 559 1082 invitamur
579 1016 734 1104 benigne,
751 1016 820 1093 sed,
838 1015 930 1102 quod
948 1026 1112 1102 superest,
1129 1018 1269 1081 timemus.

250 1120 319 1197 Me,
335 1123 380 1184 mi
397 1121 571 1206 Pomponi,
589 1120 686 1187 valde
707 1123 858 1207 poenitet
874 1123 997 1198 vivere,
1015 1142 1083 1207 qua
1097 1122 1132 1184 in
1149 1143 1180 1186 re
1201 1119 1272 1206 apud

249 1246 302 1290 me
318 1232 357 1289 tu
372 1225 555 1310 plurimum
571 1225 729 1301 valuisti3
753 1225 813 1291 sed
828 1225 891 1290 hoe
908 1247 1037 1290 eorem:
1062 1224 1115 1290 iae
1131 1223 1231 1298 modo,
1244 1232 1272 1287 ut
1359 1247 1360 1254 ¹

249 1329 376 1396 venias.

596 1899 654 1956 (An
668 1899 738 1946 Aru.
755 1909 796 1944 nr.
813 1900 852 1957 v.)

536 2058 668 2110 CICERO
690 2061 822 2110 ATTICO
845 2059 923 2109 SAL.

293 2216 454 2285 Terentia
483 2219 545 2284 tibi
581 2228 617 2286 et
653 2241 750 2305 saepe
781 2227 817 2285 et
847 2219 1009 2284 maximas
1040 2221 1113 2306 agit
1149 2219 1281 2307 gratias:

249 2324 285 2389 id
315 2334 367 2390 est
396 2324 478 2388 mihi
510 2326 747 2411 gratissimum.
795 2322 868 2412 Ego
907 2325 987 2390 vivo
1025 2325 1227 2388 miserrimus
1254 2331 1285 2386 et

249 2430 394 2493 maximo
417 2428 530 2493 dolore
554 2429 718 2493 conficior.
765 2428 822 2492 Ad
843 2436 876 2492 te
893 2428 976 2513 quid
994 2428 1146 2506 scribam,
1163 2429 1285 2502 nesei03
1362 2431 1363 2450 ¹

249 2534 278 2597 si
315 2533 405 2598 enim
431 2555 466 2597 es
499 2534 633 2608 Romae,
665 2534 732 2597 iam
762 2553 814 2596 me
844 2534 978 2616 assequi
1008 2554 1075 2596 non
1107 2541 1211 2618 potes,
1239 2533 1285 2597 sin

210 2652 283 2702 ees
307 2639 341 2701 in
366 2637 430 2714 vie,
447 2659 523 2701 eum
546 2639 610 2701 eris
634 2657 686 2701 me
710 2643 895 2713 assecutus
920 2657 1030 2700 eorem
1045 2657 1193 2723 agemus,
1209 2657 1286 2722 quae

152 2733 155 2738 ’
249 2748 349 2805 eruut
370 2739 519 2828 agenda:
544 2747 678 2804 tanturn
705 2748 739 2804 te
766 2761 833 2815 oro,
855 2748 904 2816 ut,
926 2741 1085 2825 quoniam
1108 2763 1161 2806 me
1185 2743 1287 2826 ipsum

249 2866 379 2929 semper
420 2845 548 2919 amasti,
593 2852 633 2908 ut
672 2844 790 2909 eodem
832 2863 942 2908 amore
984 2845 1053 2920 sis3
1101 2867 1166 2932 ego
1205 2845 1287 2910 enim

249 2948 338 3013 idem
377 2970 470 3014 sum:
506 2950 631 3012 inimici
670 2950 735 3013 mei
771 2969 844 3012 mea
879 2948 983 3023 mihis
1003 2970 1070 3013 non
1101 2971 1154 3014 me
1185 2951 1286 3034 ipsum

251 3051 457 3117 ademerunt.
503 3051 603 3129 Cure,
620 3060 660 3116 ut
675 3052 801 3117 valeas·
845 3050 936 3116 Data
958 3068 1040 3116 VIII.
1086 3052 1169 3118 Idus
1184 3051 1286 3138 April.

196 3170 226 3216 ιο
248 3154 395 3219 Thuriis.
