2800 4367
503 381 583 435 car.
608 383 664 445 aa,
689 378 703 445 s
726 381 797 435 7-12.
1205 368 1226 436 5

124 580 196 625 sese
213 556 270 623 illa
287 554 360 643 ipsa
376 564 473 622 nocte
491 556 591 641 paulo
607 563 684 620 ante
702 556 812 620 lucem
829 579 881 620 me
898 556 932 619 in
956 578 1029 621 meo
1050 557 1176 623 lectulo
1198 574 1227 617 ‘n

124 662 363 728 interfecturos
388 661 637 745 pollicerentur.
686 659 779 726 Haeo
807 683 869 746 ego
898 662 1007 724 omnia
1034 661 1175 725 vixdum
1189 664 1228 726 10

124 769 225 833 etiam
256 773 354 831 coetu
386 772 497 839 vestro
528 764 664 828 dimisso
696 765 842 849 comperi
855 788 864 839 ;
901 763 1037 827 domum
1068 786 1175 829 meam

125 870 303 935 maioribus
328 867 500 953 praesidiis
526 869 656 933 munivi
679 877 782 952 atque
808 868 947 944 firmavi,
964 870 1092 933 exclusi
1108 891 1174 945 coe,

58 1038 61 1042 .
124 997 209 1060 quos
234 982 271 1053 tu
297 973 340 1038 ad
364 996 415 1039 me
441 974 626 1037 salutatum
648 994 744 1038 mane
762 974 910 1049 miseras,
937 994 1014 1037 oum
1037 972 1087 1037 illi
1110 975 1175 1058 ipsi

126 1080 307 1154 venissent,
325 1100 409 1163 quos
426 1099 488 1163 ego
504 1078 570 1167 iam
594 1078 710 1140 multis
734 1098 772 1141 ac
797 1078 936 1141 summis
961 1078 1041 1142 viris
1064 1077 1107 1141 ad
1122 1100 1174 1141 me

124 1183 160 1246 id
176 1184 335 1267 temporis
355 1189 514 1245 venturos
531 1202 602 1245 esse
616 1180 857 1265 praedixeram.
1198 1176 1239 1243 30'

169 1306 203 1351 v.
228 1288 323 1365 Quae
345 1307 421 1350 oum
446 1286 492 1348 ita
516 1286 594 1360 sint,
621 1284 777 1360 Catilina,
801 1307 912 1371 perge,
934 1308 1002 1370 quo
1027 1287 1175 1369 coepisti,

125 1390 281 1477 egredere
310 1389 491 1473 aliquando
519 1411 561 1453 ex
593 1388 673 1454 urbe
687 1413 695 1464 ;
732 1396 850 1473 patent
880 1398 1015 1473 portae3
1049 1389 1176 1473 profici·

124 1518 223 1560 scere.
270 1494 419 1556 Nimium
446 1492 504 1556 diu
528 1500 561 1557 te
589 1494 823 1576 imperatorem
847 1500 907 1556 tua
923 1494 981 1556 illa
1005 1493 1176 1558 Manliana

124 1608 231 1663 castra
256 1598 456 1662 desiderant.
503 1596 599 1661 Educ
625 1604 738 1661 tecum
765 1598 867 1661 etiam
893 1619 1007 1683 omnes
1035 1605 1121 1674 tuos,
1146 1598 1174 1663 si

125 1704 244 1779 minus,
278 1724 378 1787 quam
413 1696 593 1786 plurimos,
632 1722 739 1787 purga
777 1700 902 1765 urbem.
965 1701 1092 1787 Magno
1122 1722 1174 1765 me
1204 1717 1220 1762 5

125 1814 217 1871 metu
242 1806 405 1880 liberabis,
432 1805 513 1867 dum
544 1805 642 1868 modo
674 1806 762 1869 inter
793 1827 844 1870 me
871 1812 974 1890 atque
1001 1812 1034 1869 te
1060 1826 1174 1869 murus

124 1911 264 1979 intersit.
314 1908 496 1973 Nobiscum
513 1910 638 1973 versari
653 1910 719 1972 iam
736 1909 864 1974 diutius
881 1931 949 1973 non
965 1917 1079 1994 potes3
1107 1930 1174 1972 non

124 2014 238 2090 feram,
265 2035 332 2077 non
359 2014 477 2097 patiar,
506 2035 572 2076 non
599 2014 716 2077 sinam.
764 2014 888 2099 Magna
915 2012 966 2077 dis
995 2013 1176 2077 inmortali·
1189 2017 1223 2076 11

123 2118 185 2183 bus
216 2117 373 2183 habenda.
400 2124 451 2181 est
480 2124 582 2202 atque
614 2117 692 2181 huic
725 2118 787 2201 ipsi
819 2118 892 2181 Iovi
925 2117 1060 2194 Statori,
1092 2119 1176 2181 anti·

124 2224 284 2307 quissimo
310 2216 442 2286 custodi
470 2220 571 2284 huius
599 2207 701 2296 uibis,
729 2222 845 2306 gratia,
874 2221 965 2305 quod
995 2221 1079 2285 banc
1106 2229 1175 2284 tam
1199 2237 1227 2280 10
1281 2236 1285 2240 ’

124 2334 273 2402 taetram,
304 2334 372 2389 tam
398 2324 589 2389 horribilem
615 2332 752 2409 tamque
778 2324 934 2389 infestam
951 2327 998 2389 rei
1021 2324 1175 2409 publicae

123 2438 251 2515 pestem
282 2432 406 2495 totiens
437 2431 503 2493 iam
531 2427 723 2514 effugimus.
785 2429 861 2491 Non
893 2436 945 2492 est
975 2430 1106 2513 saepius
1138 2430 1173 2491 in

123 2557 190 2598 uno
218 2535 349 2609 homine
383 2555 513 2598 summa
550 2534 640 2597 salus
677 2532 896 2617 periclitanda
931 2532 978 2597 rei
1011 2533 1173 2617 publicae.

124 2638 295 2718 Quamdiu
326 2638 408 2702 mihi
433 2638 564 2702 consuli
595 2637 780 2724 designato,
808 2636 965 2712 Catilina,
997 2637 1174 2701 insidiatus

122 2764 167 2817 eS,
196 2763 263 2805 non
294 2741 428 2826 publico
460 2763 512 2806 me
544 2740 718 2826 praesidio,
747 2740 807 2805 sed
837 2743 968 2825 privata
998 2741 1225 2827 diligentiam

122 2844 268 2909 defendi.
315 2845 402 2910 Cum
419 2846 580 2930 proximis
606 2846 750 2909 comitiis
776 2845 1007 2909 consularibus
1031 2867 1083 2910 me
1099 2867 1175 2910 con-

121 2949 229 3013 sulem
246 2951 279 3012 in
297 2971 413 3034 campo
430 2957 464 3014 et
480 2950 715 3034 competitores
731 2957 807 3012 tuos
823 2949 1008 3013 interficere
1023 2950 1172 3025 voluisti,

122 3055 301 3137 compressi
332 3062 471 3118 conatus
503 3062 581 3118 tuos
620 3052 764 3117 nefarios
795 3054 976 3117 amicorum
1007 3053 1173 3137 praesidio

121 3164 156 3221 et
187 3159 289 3243 copiis
322 3158 415 3221 nullo
448 3158 600 3221 tumultu
631 3156 764 3241 publice
796 3160 982 3240 concitat03
1015 3157 1171 3242 denique,

122 3263 424 3347 quotienscumque
450 3284 501 3327 me
527 3262 653 3346 petisti,
670 3284 731 3346 per
753 3284 804 3325 mc
831 3261 891 3326 tibi
916 3261 1041 3337 obstiti,
1060 3283 1173 3346 quam-
1195 3279 1225 3322 ao

122 3386 222 3448 quam
240 3365 392 3430 videbam
409 3367 591 3451 perniciem
616 3387 725 3430 meam
748 3388 822 3430 cum
846 3388 968 3452 magna
983 3367 1171 3430 calamitate

121 3470 169 3533 rei
194 3469 346 3553 publicae
374 3493 445 3535 esse
474 3470 707 3551 coniunctam.¹
746 3471 844 3535 Nunc
872 3471 937 3533 iam
963 3477 1076 3555 aperte
1102 3476 1224 3535 rem12

120 3572 288 3655 publicam
305 3575 496 3638 universam
514 3577 610 3658 petis,
629 3575 755 3658 templa
771 3574 908 3637 deorum
931 3575 1170 3648 inmortalium,

121 3684 210 3741 tecta
236 3678 337 3754 urbia,
365 3679 469 3743 vitam
498 3680 646 3742 omnium
678 3680 814 3753 civium,
841 3678 973 3742 ltaliam
1002 3686 1104 3742 totam
1130 3679 1172 3743 ad

121 3781 263 3844 exitium
279 3791 313 3846 et
329 3784 522 3848 vastitatem
548 3803 654 3846 vocas
702 3781 823 3861 Quare,
841 3784 1000 3867 quoniam
1018 3783 1061 3859 id,
1081 3783 1171 3867 quod
1194 3801 1224 3844 aa

121 3892 173 3948 cst
202 3886 356 3969 primum,
389 3894 424 3950 et
465 3885 556 3970 quod
593 3886 694 3949 huius
735 3886 865 3970 imperii
906 3887 1171 3971 disciplinaeque
