2800 4367
491 368 571 420 cnr.
596 369 653 431 ao,
679 370 693 431 s
716 369 788 422 r-12.
1143 354 1207 419 319

96 564 179 608 esse
209 541 343 605 dixerit.
391 539 454 605 His
482 541 587 626 igitur
602 540 637 603 in
654 539 779 604 tabulis
807 539 1103 605 nullamlituram'
1120 540 1155 604 in

98 648 242 710 nomine
270 645 313 708 A.
341 643 450 708 Licini
476 644 609 710 videtis
666 645 762 723 Quae
791 666 868 709 oum
895 646 942 708 ita
968 646 1046 721 sint,
1074 644 1208 730 quid10

98 761 166 828 est,
183 749 278 836 quod
293 749 334 814 de
350 750 423 814 eius
438 750 576 814 civitate
592 749 766 825 dubitetis,
778 750 973 835 praesertim
990 771 1067 814 cum
1082 751 1156 814 aliis
1180 766 1209 810 10

99 877 242 941 quoque
259 856 295 918 in
311 853 506 918 civitatibus
530 852 634 918 fuerit
655 853 869 938 adscriptus?
916 853 1062 930 Etenim,
1079 875 1155 918 cum

100 959 330 1025 mediocribus
345 959 463 1022 multis
481 966 517 1023 et
530 965 591 1022 aut
606 958 700 1022 nulla
716 967 776 1023 aut
801 959 919 1021 humili
948 958 1061 1043 aliqua
1083 967 1154 1023 arte

101 1064 266 1149 praeditis
281 1064 430 1149 gratuito
445 1063 617 1127 civitatem
634 1064 669 1125 in
687 1061 829 1127 Graecia
852 1063 1002 1127 homines
1020 1064 1155 1147 inperti-

100 1170 217 1242 ebaut,
236 1168 382 1252 Reginos
406 1165 506 1231 credo
531 1174 592 1229 aut
619 1164 801 1230 Locrenses
826 1173 887 1229 aut
912 1165 1153 1250 Neapolitanos

90 1261 165 1336 'aut
189 1272 400 1346 Tarentinos,
417 1269 511 1354 quod
536 1271 699 1334 scaenicis
726 1270 910 1335 artificibus
937 1271 1052 1357 largiri
1076 1272 1207 1336 sole-15

23 1354 24 1369 ἵ
100 1379 197 1451 baut,
214 1375 249 1438 id
265 1376 343 1439 huic
359 1395 490 1439 summa
513 1375 641 1461 ingenii
669 1374 822 1459 praedito
849 1374 955 1461 gloria
983 1375 1152 1440 uoluisse!

101 1481 226 1561 Quid?
250 1480 436 1544 caterinen
449 1478 548 1542 modo
564 1486 641 1563 post
656 1480 828 1543 civitatem
845 1479 967 1555 datam,
979 1479 1037 1544 sed
1054 1481 1154 1543 etiam

101 1593 183 1671 post
195 1585 303 1670 legem
317 1583 456 1667 Papiam
473 1582 699 1667 aliquomodo
712 1584 747 1645 in
763 1603 877 1647 eorum
895 1583 1153 1667 municipiorum

100 1689 236 1754 tabulrm
264 1688 496 1772 inrepseruut3
532 1687 596 1764 bic,
614 1689 673 1772 qui
703 1709 743 1751 ne
772 1689 882 1751 utitur
909 1687 1047 1772 quidem
1076 1689 1153 1780 iilis,

102 1795 140 1856 iu
167 1792 290 1877 quibus
318 1798 371 1855 est
400 1792 556 1876 scriptus,
574 1790 667 1875 quod
693 1813 824 1876 semper
846 1813 881 1856 se
900 1791 1151 1856 Heracliensem
1177 1809 1207 1853 20

100 1919 177 1963 esse
194 1896 312 1971 voluit,
339 1895 522 1960 reicietur?
567 1894 697 1960 Census
717 1903 847 1960 nostros
865 1897 1016 1980 requiris.
1063 1895 1155 1960 Scili-
1171 1894 1206 1954 ll

100 2010 177 2076 cet;
201 2009 253 2065 est
268 2001 356 2065 euim
373 1999 551 2064 obscurum
567 2001 728 2084 proximis
746 2000 938 2064 censoribus
962 2001 1051 2064 hunc
1076 2022 1153 2064 cum

101 2106 290 2170 clarissimo
328 2105 536 2188 imperatore,
569 2103 606 2166 L.
646 2104 800 2180 Lucullo,
840 2104 931 2188 apud
968 2105 1153 2169 exercitum

101 2210 220 2286 fuisse,
247 2208 474 2292 superioribus
505 2230 582 2272 cum
613 2208 731 2274 eodem
770 2216 945 2293 quaestore
986 2207 1089 2272 fuisse
1121 2211 1155 2271 in

105 2315 198 2389 Asia,
215 2314 340 2397 primis,
358 2312 447 2376 Iulio
463 2320 498 2377 et
514 2312 646 2389 Crasso,
663 2315 793 2377 nuliam
810 2313 925 2398 populi
938 2322 1067 2398 partem
1083 2335 1154 2379 esse
1177 2331 1206 2376 25

101 2440 249 2483 censam.
296 2416 372 2493 Sed,
390 2418 551 2501 quoniam
567 2439 686 2482 census
704 2439 771 2481 uon
798 2419 851 2482 ius
869 2419 1016 2483 civitatis
1038 2419 1154 2483 confir-

103 2530 174 2585 mat
188 2543 226 2586 ac
243 2528 375 2584 tantum
392 2520 491 2584 modo
508 2520 635 2586 indicat
650 2543 738 2597 eum,
755 2523 814 2606 qui
832 2523 878 2585 sit
901 2544 1031 2598 census,
1047 2524 1095 2587 ita
1118 2546 1153 2589 se

103 2628 170 2689 iam
197 2633 271 2689 tum
301 2625 453 2710 gessisse,
481 2647 541 2709 pro
569 2627 652 2701 cive,
675 2627 716 2689 iis
742 2626 958 2710 temporibus,
985 2649 1086 2711 quern
1114 2637 1153 2693 tu

103 2730 288 2794 criminaris
306 2750 348 2793 ne
364 2728 470 2812 ipsius
486 2728 623 2813 quidem
647 2729 772 2793 iudicio
789 2731 824 2793 in
840 2731 966 2795 civium
992 2731 1153 2797 Romano-

108 2857 182 2898 rum
210 2836 280 2899 iure
311 2854 383 2898 esse
416 2841 596 2910 versatum,
613 2842 649 2898 et
675 2842 917 2900 testamentum
945 2837 1046 2921 'saepe
1072 2837 1155 2903 fecit
1177 2852 1206 2898 30

104 2941 227 3003 uostris
243 2937 375 3023 legibus
392 2944 427 3001 et
441 2936 526 3001 adiit
542 2938 745 3003 hereditates
768 2940 894 3003 civium
924 2940 1151 3005 Romanorum

104 3052 139 3108 et
162 3045 197 3106 iu
225 3028 395 3107 beneficiis
417 3041 461 3104 ad
484 3043 648 3106 aerarium
674 3042 806 3107 delatus
832 3052 884 3108 est
906 3065 924 3107 a
949 3044 986 3106 L.
1006 3045 1150 3110 Lucullo

103 3147 336 3232 proconsule.
383 3163 432 3209 vl.
479 3146 612 3225 Quaere
638 3156 846 3233 argumenta,
872 3149 1011 3234 siquae
1037 3157 1152 3234 potes;

105 3272 290 3336 numquam
305 3250 395 3314 enim
410 3249 464 3314 hic
481 3272 590 3336 neque
606 3273 668 3317 suo
685 3273 795 3336 neque
819 3253 1001 3316 amicorum
1026 3254 1152 3319 iudicio

104 3358 306 3420 revincetur.

150 3459 298 3539 Quaeres
314 3461 451 3538 anobis,
469 3460 592 3536 Gratti,
609 3468 781 3526 curtante
809 3484 906 3546 opere
933 3463 995 3527 hoc
1019 3463 1152 3528 homine
1167 3467 1206 3529 12

105 3563 318 3628 delectemur.
366 3563 456 3643 Quia
480 3564 677 3648 suppeditat
701 3564 806 3641 nobie,
824 3565 880 3629 ubi
897 3573 931 3630 et
956 3567 1085 3630 animus
1111 3589 1153 3630 ex
1189 3582 1204 3626 5

106 3667 166 3731 boc
184 3668 308 3731 forensi
324 3669 469 3752 strepitu
486 3668 656 3731 reficiatur
672 3676 707 3731 et
723 3689 818 3732 aures
835 3669 985 3732 convicio
1002 3667 1150 3733 defessae

105 3772 355 3856 conquiescant.
402 3771 458 3834 An
490 3778 529 3834 tu
560 3773 734 3836 existimas
766 3779 826 3836 aut
852 3781 1031 3856 suppetere
1056 3772 1149 3836 nobis

105 3899 209 3960 posse,
227 3875 318 3960 quod
340 3875 462 3941 cotidie
490 3874 641 3940 dicamus
667 3876 703 3937 in
731 3882 826 3939 tanta
843 3877 1003 3941 varietate
1029 3897 1149 3950 rerum,
