2800 4367
343 358 400 407 rr.
425 346 516 420 rrrv„¹
540 359 554 419 s
578 359 649 420 rs.;
676 358 750 420 xv,
776 359 790 420 s
814 359 836 408 1.
1124 344 1186 412 157

80 533 136 596 ad
149 554 208 596 nos
223 533 417 616 pertineret,
432 532 599 597 servirent
620 540 856 616 praeterquam
879 531 1003 617 oppido
1027 532 1134 616 pauci.
1159 547 1189 592 ao

81 636 157 702 Sed
172 636 251 700 haec
266 627 501 700 minora‘suut.
549 635 604 700 Tu
620 635 713 722 quod
729 658 781 701 me
796 636 949 713 hortaris,
968 645 1008 701 ut
1023 637 1134 699 animo
1158 634 1177 696 5

82 743 154 806 sim
174 762 295 827 magno
322 747 358 806 et
382 762 476 824 spem
503 740 643 806 habeam
670 740 915 826 recuperandae
943 741 1073 816 salutis,
1101 739 1136 802 id

83 848 190 910 velim
206 846 251 909 sit
273 843 447 921 eiusmodi,
464 853 506 909 ut
531 853 621 910 recte
649 866 781 930 sperare
809 845 984 930 possimus.
1032 844 1063 908 N
1066 865 1132 908 unc

86 953 189 1015 miser
203 949 340 1034 quando
356 957 431 1013 tuas
447 950 513 1014 iam
538 950 669 1015 litteras
695 949 885 1035 accipiam?
909 950 986 1033 quis
1012 948 1055 1013 ad
1081 971 1134 1013 me

87 1055 259 1140 perferet?
295 1076 380 1139 quas
407 1076 470 1140 ego
497 1063 743 1139 exspectassem
774 1053 958 1130 Brundisii,
987 1054 1015 1118 si
1047 1061 1137 1118 esset
1158 1069 1187 1113 45

87 1161 218 1224 licitum
250 1181 311 1245 per
341 1165 471 1244 nautas,
504 1158 565 1243 qui
599 1165 834 1243 tempestatem
869 1159 1134 1243 praetermittere

91 1266 280 1329 noluerunt.
327 1262 428 1342 Quod
449 1248 619 1348 reliquum
636 1270 697 1339 est,
714 1269 866 1328 sustenta
893 1270 937 1339 te,
955 1284 1027 1327 mea
1054 1262 1133 1326 Ter·

92 1370 189 1444 entia,
206 1377 245 1432 ut
259 1375 366 1452 potes.
413 1367 659 1432 Honestissima
677 1367 835 1443 viximus,
852 1365 1047 1430 floruimus:
1065 1388 1133 1430 nou

93 1474 208 1536 vitium
223 1479 386 1549 nostrum,
399 1470 459 1536 sed
471 1472 580 1536 virtus
597 1483 712 1535 nostra
724 1493 784 1536 nos
800 1469 922 1535 afflixit
934 1495 942 1546 ;
959 1479 1132 1555 peccaturo

95 1585 144 1640 est
157 1577 296 1653 nullum,
314 1576 379 1640 nisi
396 1575 487 1660 quod
504 1597 571 1639 non
589 1597 657 1640 una
672 1577 816 1640 animam
835 1596 912 1640 oum
930 1576 1134 1640 ornamentis
1156 1589 1195 1644 ao,

95 1682 279 1756 amisimus3
302 1680 372 1756 sed,
402 1681 431 1744 si
457 1680 520 1745 hoc
536 1679 604 1745 fuit
629 1680 742 1745 liberis
770 1680 893 1744 nostris
917 1680 1055 1766 gratius,
1073 1701 1133 1744 nos

97 1786 211 1861 vivere,
234 1791 355 1861 cetera,
384 1805 589 1868 quamquain
605 1783 743 1848 ferenda
771 1806 837 1848 non
866 1791 957 1860 sunt,
975 1783 1130 1849 ieramus.

98 1889 197 1973 Atqui
213 1910 285 1976 ego,
302 1890 364 1972 qui
380 1897 413 1952 te
431 1888 601 1964 confirnm,
618 1889 688 1972 ipse
706 1911 758 1954 rue
774 1910 842 1952 non
867 1910 1012 1974 possum.
1060 1888 1135 1953 Clo·
1156 1893 1176 1954 6

99 1993 181 2056 dium
198 1993 438 2081 Philetaerum,
456 1992 549 2077 quod
566 1991 760 2058 valetudine
778 1994 951 2058 oculorum
976 1993 1132 2078 impedie-

99 2096 194 2174 batur,
232 2098 400 2161 hominem
443 2095 586 2173 fidelem,
625 2097 748 2162 remisi.
804 2095 986 2162 Sallustius
1026 2098 1134 2162 officio
1155 2113 1186 2160 os

99 2203 194 2266 vincit
202 2223 326 2266 ornnes.
371 2201 579 2266 Pescennius
592 2208 644 2265 est
655 2201 899 2286 perbenevolus
912 2201 1017 2278 nobis,
1031 2224 1131 2287 quern

99 2328 215 2391 semper
236 2327 333 2391 spero
361 2307 413 2369 tui
429 2304 500 2370 fore
529 2305 772 2370 observantem.
819 2304 915 2371 Sicca
942 2305 1075 2372 dixerat
1096 2329 1131 2372 se

100 2433 215 2474 nrecunr
227 2410 310 2487 iore,
322 2409 381 2475 sed
394 2409 576 2474 Brundisio
588 2409 752 2474 discessit.
793 2409 892 2486 Cura,
905 2410 1017 2494 quoad
1026 2418 1131 2495 potes

100 2516 249 2580 utvaleas
266 2515 365 2579 etsie
389 2515 573 2590 existimes,
591 2536 643 2579 me
661 2514 895 2580 vehementius
920 2523 979 2578 tua
1002 2516 1134 2580 rniseria

101 2639 188 2700 quarn
205 2641 276 2683 mea
299 2619 512 2682 commoveri.
558 2617 636 2682 Mea
661 2618 830 2694 Terentia,
849 2618 1008 2682 fidissima
1030 2625 1132 2703 atque
1155 2635 1186 2680 so

101 2724 210 2806 optima
236 2744 333 2799 uxor,
350 2730 387 2786 et
412 2745 486 2787 mea
512 2723 680 2788 carissima
709 2723 811 2786 filiola
839 2730 875 2787 et
900 2744 976 2807 spes
1005 2723 1134 2808 reliqua

101 2835 207 2904 nostra,
223 2826 352 2904 Cicero,
369 2827 491 2892 valete.
537 2826 593 2889 Pr.
611 2827 654 2890 K.
671 2827 752 2890 Mai.
771 2826 963 2892 Brundisio.

564 3177 644 3242 XV.

478 3353 535 3410 (Ao
550 3353 619 3399 Arr.
636 3364 676 3399 m.
692 3354 728 3408 9.)

411 3517 542 3564 CICERO
565 3517 697 3564 ATTICO
721 3516 801 3564 SAL.

143 3673 284 3753 Quintus
312 3673 417 3738 frater
440 3695 517 3738 cum
545 3697 587 3738 ex
614 3675 700 3739 Asia
726 3675 924 3740 decessisset
950 3683 1027 3740 ante
1056 3675 1131 3739 Kal.
1156 3677 1171 3736 1

106 3773 190 3842 Maias
212 3787 247 3844 et
274 3779 429 3842 Athenas
446 3780 595 3842 venisset
622 3779 737 3844 Idibus
766 3781 875 3856 Maiis,
893 3779 991 3844 valde
1007 3779 1075 3843 fuit
1097 3781 1128 3844 ei

107 3884 337 3968 properandum,
354 3905 396 3948 ne
422 3883 505 3970 quid
531 3883 648 3954 absens
676 3873 844 3973 acciperet
870 3885 1082 3961 calamitatis
1099 3885 1128 3950 si
