2800 4367
218 334 281 398 290
346 348 569 399 numeram
587 347 644 399 cn.
663 348 805 400 ronrar
823 347 875 398 An
892 347 1067 409 currurns
1084 345 1239 400 onar1o.

216 523 236 586 9
303 537 352 582 IV.
377 518 590 583 Mithridates
607 526 720 582 autem
736 541 833 583 omne
850 520 1019 603 reliquum
1042 526 1174 605 tempus
1192 541 1265 584 non
1282 519 1327 583 ad

206 702 207 705 Ἴ
270 623 470 687 oblivionem
501 623 623 686 veteris
654 622 745 698 belli,
769 622 828 687 sed
855 622 899 686 ad
925 624 1207 709 comparationem
1242 624 1326 688 novi

202 776 206 782 .
269 727 432 798 contulit;
457 727 516 810 qui
540 732 666 811 postea,
683 748 760 790 oum
788 727 950 792 maximas
974 727 1184 793 aedificasset
1213 749 1327 792 ornas·
1366 769 1367 806 3

268 839 387 914 setque
403 830 525 894 classes
549 831 787 914 exercitusque
811 853 1020 918 permagnos,
1045 832 1324 917 quibuscumque
1366 875 1367 912 ,

230 952 308 999 sex
333 932 490 1019 gentibus
518 935 693 1017 potuisset,
710 942 935 1018 comparasset
961 942 1054 1000 etse
1080 935 1324 1021 Bosphoranis,
1366 993 1367 998 ,

271 1037 434 1101 finitumis
461 1039 541 1112 suis,
559 1037 685 1102 bellum
713 1037 836 1104 inferre
862 1040 1046 1117 simularet,
1065 1062 1175 1124 usque
1201 1041 1238 1104 in
1265 1039 1324 1102 Hi-

267 1143 417 1226 spaniam
446 1141 575 1227 legatos
606 1164 644 1206 ac
674 1143 806 1208 litteras
834 1145 926 1208 misit
952 1143 994 1208 ad
1021 1166 1076 1209 eos
1104 1145 1221 1222 duoeS,
1251 1146 1325 1229 qui-

268 1247 410 1311 buscum
441 1254 514 1308 tum
544 1245 671 1310 bellum
701 1247 907 1332 gerebamus,
934 1257 983 1323 ut,
1011 1270 1086 1312 oum
1119 1249 1254 1313 duobus
1287 1250 1321 1312 in

270 1351 351 1414 locis
378 1349 651 1414 disiunctissimis
679 1353 891 1435 maximeque
919 1351 1060 1416 diversis
1083 1374 1152 1416 unc
1177 1347 1322 1416 oonsilio

161 1510 163 1514 .
216 1468 245 1513 10
266 1476 286 1517 a
300 1454 386 1518 binis
402 1453 551 1517 hostium
566 1455 672 1538 copiis
695 1454 822 1519 bellum
840 1464 927 1520 terra
955 1457 1104 1541 marique
1131 1464 1320 1543 gereretur,

268 1580 327 1623 vos
342 1559 479 1642 ancipiti
495 1560 710 1624 contentione
727 1559 872 1623 districti
888 1558 929 1624 de
945 1561 1086 1644 imperio
1101 1542 1320 1626 dimicaretisi

216 1665 256 1727 10
265 1661 331 1726 Sed
347 1669 457 1724 tamen
475 1662 613 1726 alterius
637 1665 742 1747 partis
766 1664 962 1747 periculum,
980 1663 1190 1728 Sertorianae
1216 1672 1319 1749 atque

268 1765 512 1849 Hispaniensis
541 1788 628 1850 quae
659 1767 767 1830 multo
798 1767 876 1850 plus
903 1766 1102 1832 firmamenti
1128 1789 1165 1832 ao
1191 1767 1318 1832 roboris

268 1868 418 1945 habebat,
444 1868 505 1932 Cn.
534 1869 672 1955 Pompei
699 1870 814 1935 divino
842 1872 981 1936 consilio
1008 1893 1045 1936 ao
1073 1872 1239 1958 singulari
1256 1873 1320 1936 vir-

216 1988 243 2034 15
267 1981 340 2038 tute
356 1973 537 2058 depulsum
552 1983 622 2050 est3
646 1977 682 2038 in
697 1976 804 2040 altera
826 1984 920 2059 parte
936 1977 984 2040 ita
1000 1998 1052 2040 res
1068 1998 1087 2040 a
1103 1976 1141 2039 L.
1159 1975 1316 2051 Lucullo,

269 2100 399 2143 summo
433 2080 515 2155 vim,
549 2088 600 2144 est
630 2079 872 2155 administrata,
906 2087 946 2143 ut
980 2081 1077 2144 initia
1112 2081 1170 2144 illa
1205 2101 1315 2145 rerum

266 2192 438 2269 gestarum
469 2205 590 2270 magna
612 2191 714 2268 atque
747 2185 914 2267 praeclara
948 2205 1015 2248 non
1045 2182 1201 2250 felicitati
1234 2184 1314 2258 eius

267 2288 325 2352 sed
341 2289 470 2360 virtuti,
487 2289 567 2351 haec
583 2295 695 2352 autem
714 2296 872 2364 extrema,
887 2309 972 2372 quae
989 2310 1096 2373 nuper
1111 2289 1313 2362 acciderunt,

267 2414 335 2456 non
372 2393 501 2476 culpae,
534 2391 593 2454 sed
624 2392 781 2457 fortunae
814 2391 990 2458 tribuenda
1022 2415 1093 2458 esse
1125 2392 1312 2459 videantur.

214 2512 243 2556 ao
266 2495 332 2560 Sed
356 2495 397 2561 de
422 2496 567 2559 Lucullo
592 2495 701 2559 dicam
718 2496 783 2559 alio
800 2497 883 2573 loco,
901 2504 936 2561 et
951 2498 999 2560 ita
1015 2497 1133 2574 dicam,
1152 2498 1312 2578 Quirites

268 2607 308 2664 ut
339 2621 449 2684 neque
475 2620 553 2663 vera
580 2600 653 2663 laus
682 2601 712 2664 ei
740 2598 889 2665 detracta
921 2602 1069 2665 oratione
1101 2623 1174 2666 mea
1204 2621 1311 2685 neque

215 2707 249 2766 11
260 2702 344 2767 falsa
360 2703 481 2766 adficta
508 2724 580 2767 esse
606 2701 778 2780 videatur3
804 2705 844 2769 de
861 2705 965 2769 vestri
991 2707 1122 2790 imperii
1147 2705 1311 2792 dignitate

265 2814 367 2891 atque
394 2807 509 2891 gloria,
537 2808 696 2891 quoniam
722 2809 750 2872 is
775 2816 827 2873 est
853 2831 991 2874 exorsus
1018 2811 1176 2874 orationis
1210 2829 1310 2882 meae,

268 2910 380 2976 videte
397 2932 499 2994 quem
514 2911 608 2976 vobis
624 2914 773 2977 animum
789 2913 1039 2999 suscipiendum
1057 2916 1195 3000 putetis.

308 3033 344 3080 v.
370 3016 515 3081 Maiores
531 3019 635 3081 nostri
653 3039 750 3102 saepe
768 3019 1007 3083 mercatoribus
1024 3027 1083 3084 aut
1099 3017 1309 3084 naviculariis

265 3121 389 3184 nostris
420 3122 615 3185 iniuriosius
647 3123 798 3187 tractatis
826 3122 914 3186 bella
944 3130 1142 3208 gesserunt3
1176 3144 1236 3188 vos
1261 3127 1311 3184 tot

265 3224 402 3290 milibus
439 3227 565 3291 civium
604 3227 830 3290 Romanorum
860 3247 928 3290 uno
958 3227 1079 3289 nuntio
1110 3234 1212 3311 atque
1242 3243 1309 3287 uno

265 3336 414 3414 tempore
425 3332 551 3394 necatis
562 3352 628 3414 quo
639 3330 776 3394 tandem
786 3331 896 3394 animo
909 3351 979 3395 esse
993 3329 1146 3394 debetis?
1193 3326 1307 3413 Legati

226 3433 354 3515 squod
392 3441 488 3497 erant
524 3435 684 3519 appellati
729 3434 915 3519 superbius
954 3433 1154 3499 Corinthum
1199 3439 1306 3519 patres

264 3537 378 3612 vestri,
392 3538 496 3602 totius
510 3537 668 3602 Graeciae
692 3539 817 3615 lumen,
843 3539 1033 3604 extinctum
1049 3561 1119 3604 csse
1133 3540 1305 3606 volerunt3

265 3644 324 3705 ros
350 3663 426 3706 eum
450 3665 561 3729 regem
587 3644 734 3706 inultum
759 3666 829 3708 esse
864 3645 1045 3728 patiemini,
1074 3645 1132 3728 qui
1161 3645 1304 3730 legatum

265 3747 382 3830 populi
400 3746 541 3810 Romani
559 3748 769 3811 consularem
785 3749 931 3812 vinculis
948 3769 986 3812 ac
1003 3748 1194 3812 verberibus
1206 3752 1301 3828 atque

267 3851 356 3913 omni
372 3853 536 3937 supplicio
552 3852 783 3916 excruciatum
807 3852 963 3915 necavit?
987 3851 1043 3914 Illi
1059 3851 1245 3917 libertatem
1259 3850 1303 3909 in-
