2800 4367
207 337 273 404 210
552 349 626 402 rao
647 350 678 401 Ρ.
702 349 830 400 snsrro
852 347 1002 400 onarro.

206 522 442 588 revaluerunt
468 519 604 587 multos.
660 520 864 586 Venientem
891 520 926 582 in
952 518 1063 584 forum
1088 519 1199 584 virum
1222 520 1298 606 opti·

258 631 350 690 mum
375 634 410 691 et
436 626 756 700 constantissimum,
782 623 829 687 M.
855 621 1018 708 Cispium,
1045 622 1218 686 tribunum
1246 624 1297 708 pl,

206 751 234 796 1⁵
258 731 291 795 vi
321 730 508 816 depellunt,
539 729 673 794 caedem
706 729 740 791 in
771 727 844 792 foro
875 727 1055 792 maximam
1079 725 1212 792 faciunt
1235 728 1300 792 uni-

258 836 415 920 versique
441 834 610 899 destrictis
631 833 753 921 gladiis
778 840 814 898 et
836 832 986 897 cruentis
1010 832 1046 894 in
1070 831 1225 897 omnibus
1241 831 1299 896 fori

257 938 411 1025 partibus
433 938 569 1003 fratrem
597 959 718 1015 meum,
744 939 854 1002 virum
881 937 1058 1021 optimum,
1085 936 1299 1002 fortissimum

257 1045 389 1134 meique
414 1044 692 1118 amantissimum,
717 1042 823 1106 oculis
848 1041 1063 1126 quaerebant,
1088 1063 1171 1107 voce
1198 1063 1301 1126 posce·
1365 1119 1366 1122 Ἴ

259 1147 350 1213 bant.
397 1147 552 1228 Quorum
583 1148 639 1212 ille
671 1147 747 1212 telis
775 1146 918 1211 libenter
948 1147 984 1209 in
1015 1152 1109 1210 tanto
1140 1147 1238 1210 luctu
1266 1167 1300 1208 ac

204 1264 233 1309 20
255 1251 419 1318 desiderio
435 1253 501 1316 mei
516 1274 584 1315 nou
607 1250 828 1337 repugnandi,
844 1249 904 1315 sed
929 1249 1095 1314 moriendi
1118 1269 1221 1314 causa
1240 1270 1302 1314 cor·

256 1377 319 1440 pus
350 1355 529 1421 obtulisset
558 1377 668 1431 suum,
700 1355 765 1418 nisi
796 1371 891 1419 suam
919 1355 1024 1418 vitam
1054 1352 1097 1416 ad
1121 1375 1217 1437 spem
1240 1353 1302 1416 mei

257 1459 385 1524 reditus
413 1467 625 1524 reservasset.
671 1458 785 1524 Subiit
807 1466 919 1523 tamen
936 1459 1004 1522 vim
1028 1458 1118 1521 illam
1144 1456 1302 1522 nefariam

256 1564 559 1629 consceleratorum
589 1566 759 1629 latronum
782 1571 827 1639 ct,
848 1584 925 1628 cum
952 1560 995 1625 ad
1022 1560 1136 1626 fratris
1160 1562 1302 1625 salutem

162 1723 164 1726 ,
255 1690 275 1731 a
312 1669 437 1754 populo
475 1669 625 1733 Romano
662 1665 908 1752 deprecandam
940 1666 1097 1741 venisset,
1130 1665 1251 1750 pulsus
1286 1686 1302 1727 e

202 1788 231 1833 25
254 1774 368 1838 rostris
398 1775 434 1837 in
464 1775 600 1838 comitio
630 1773 735 1838 iacuit
765 1793 869 1856 seque
903 1791 1077 1836 servorum
1107 1777 1143 1834 et
1172 1769 1303 1834 liberto

257 1900 330 1941 rum
361 1878 554 1963 corporibus
584 1877 716 1941 obtexit
745 1878 916 1960 vitamque
955 1882 1028 1938 tum
1061 1895 1157 1937 suam
1197 1874 1302 1937 noctis

256 1991 292 2047 et
318 1982 418 2069 fugae
446 1981 621 2067 praesidia,
646 2003 714 2045 non
738 1981 821 2044 iuris
845 1979 1113 2071 iudiciorumque
1139 1975 1301 2040 defendit.

202 2088 241 2151 77
258 2084 460 2149 Meministis
491 2093 574 2161 tum,
602 2083 741 2159 iudices,
774 2080 967 2166 corporibus
998 2081 1121 2144 civium
1155 2079 1302 2144 Tiberim

253 2189 422 2273 compleri,
440 2189 568 2252 cloacas
594 2186 789 2262 relarciri‚e
816 2185 889 2250 foro
914 2185 1064 2270 spongiis
1092 2183 1210 2270 effingi
1234 2205 1303 2248 san-

200 2307 231 2352 ao
251 2293 397 2377 guinem,
415 2300 454 2356 ut
470 2311 585 2355 omnes
610 2298 739 2354 tantam
765 2290 858 2354 illam
884 2290 1014 2375 copiam
1035 2296 1070 2353 et
1092 2295 1160 2352 tam
1177 2288 1303 2374 magni-

253 2396 353 2459 ficum
392 2404 590 2481 apparatum
628 2417 694 2458 non
728 2395 899 2478 privatum
936 2400 997 2458 aut
1034 2391 1213 2477 plebeium,
1246 2391 1302 2456 sed

253 2500 429 2583 patricium
453 2508 488 2564 et
509 2498 715 2584 praetorium
736 2519 807 2562 esse
831 2496 1081 2562 arbitrarentur.
1207 2496 1212 2504 '

297 2621 427 2665 xxxvi.
453 2603 548 2666 Nihil
565 2624 676 2687 neque
693 2609 772 2665 ante
789 2601 851 2664 hoc
868 2607 1004 2685 tempus
1019 2621 1128 2685 neque
1144 2599 1210 2664 hoc
1229 2601 1300 2684 ipso

253 2705 543 2770 turbulentissimo
559 2707 613 2770 die
627 2704 852 2771 criminamini
865 2702 1024 2769 Sestium.
1071 2704 1183 2788 Atqui
1196 2705 1250 2769 vis
1267 2705 1299 2766 in

254 2809 327 2873 foro
351 2819 483 2874 versata
505 2818 566 2874 est.
613 2810 732 2884 Certe;
756 2806 893 2893 quando
920 2809 1010 2872 enim
1033 2809 1160 2872 maior?
1206 2808 1300 2892 Lapi-

252 2912 404 2978 dationes
420 2935 577 2998 persaepe
602 2913 759 2990 vidimus,
776 2935 844 2977 non
868 2913 916 2977 ita
939 2934 1047 2997 saepe,
1073 2912 1133 2976 sed
1157 2913 1297 2976 nimium

212 3025 363 3082 stamen
400 3039 499 3102 saepe
537 3018 677 3104 gladios
716 3016 853 3082 caedem
893 3038 973 3082 vero
1014 3024 1154 3091 tantam,
1186 3023 1297 3081 tantos
1365 3011 1366 3098 l

251 3142 386 3186 acervos
424 3143 600 3206 corporum
630 3130 804 3186 extructos
837 3122 902 3186 nisi
933 3121 1020 3186 forte
1052 3120 1111 3184 illo
1144 3119 1297 3184 Cinnano

250 3233 353 3310 atque
392 3225 579 3290 Octaviano
617 3226 671 3290 die
705 3227 780 3310 quis
813 3247 973 3311 umquam
1004 3227 1039 3288 in
1074 3225 1148 3290 loro
1186 3225 1297 3288 vidit?

252 3329 329 3409 Qua
352 3354 393 3395 ex
419 3332 642 3395 concitatione
672 3331 885 3395 animorum?
930 3331 1016 3394 Nam
1043 3335 1085 3394 ex
1113 3331 1295 3415 pertinacia
1365 3317 1366 3322 ¹

251 3444 311 3500 aut
326 3437 515 3500 constantia
538 3436 767 3500 intercessoris
795 3437 902 3500 oritur
927 3457 1026 3520 saepe
1053 3433 1175 3499 seditio
1198 3435 1296 3518 culpa
1365 3473 1366 3476 =

199 3553 227 3598 10
249 3546 350 3623 atque
384 3538 597 3623 improbitate
628 3538 743 3603 latoris
775 3538 949 3604 commodo
979 3539 1095 3624 aliquo
1125 3539 1294 3623 proposito

251 3643 413 3727 imperitis
430 3650 491 3706 aut
506 3643 694 3729 largitione,
713 3644 819 3708 oritur
840 3665 882 3708 ex
906 3645 1155 3708 concert-atione
1179 3642 1295 3728 niagis-

251 3755 410 3822 tratuum,
427 3747 534 3810 oritur
549 3748 673 3811 sensim
690 3769 733 3811 ex
750 3748 891 3812 clamore
915 3749 1071 3833 primurn,
1096 3746 1216 3812 deinde
1239 3745 1294 3809 ali·
1365 3765 1366 3826 ᾗ

238 3855 319 3934 'qua
351 3849 552 3915 discessione
577 3853 754 3927 contionis,
779 3853 837 3916 vix
860 3873 934 3916 sero
957 3859 992 3916 et
1015 3873 1088 3916 raro
1111 3852 1154 3916 ad
1178 3871 1291 3915 manus
