2800 4367
445 347 525 400 car.
552 347 638 410 11-13,
663 349 677 410 ς
699 349 788 436 aa-aa.
1131 335 1195 404 187

104 541 230 586 suarum
259 519 382 608 gladiis
409 526 445 584 et
471 518 639 606 lapidibus
670 519 850 596 obiecerit;
874 519 915 586 de
946 521 1140 587 consulibus

33 680 34 685 ,
104 628 224 711 loquor,
240 646 386 710 quorum
402 623 467 688 fide
484 646 535 688 res
552 624 688 709 publica
702 624 767 688 niti
791 623 916 690 debuit.
963 626 1140 690 Exanima·
1154 630 1195 693 28

104 739 153 794 tus
168 730 278 795 evolat
292 750 334 793 ex
349 736 470 794 senatu
486 749 554 792 nou
569 729 680 793 miuus
697 727 892 813 perturbato
908 729 1020 793 animo
1040 737 1142 815 atque

33 894 34 899 ,
104 837 201 912 voltu,
217 856 320 920 quam
336 835 365 897 si
380 834 478 898 annis
493 841 573 900 ante
588 835 707 919 paucis
723 835 758 896 in
775 833 979 898 creditorum
1000 856 1143 900 couven-

33 968 34 1021 j
103 950 169 1003 tum
197 938 391 1014 incidisset3
423 938 567 1003 advocat
597 939 798 1015 contionem,
824 938 927 1003 habet
958 940 1142 1004 orationem
1165 955 1195 1002 ao

33 1036 34 1115 s
103 1045 194 1108 talem
218 1042 346 1117 consul,
363 1042 499 1126 qualem
522 1064 709 1126 numquam
733 1042 881 1106 Catilina
909 1043 1016 1106 victor
1042 1042 1143 1108 habu·

33 1188 34 1234 3
102 1149 191 1212 isset:
215 1167 323 1212 errare
351 1146 512 1221 homines
537 1148 566 1210 si
593 1147 694 1211 etiam
723 1153 795 1210 tum
826 1153 980 1211 serratum
1010 1146 1141 1232 aliquid

33 1322 35 1342 y
102 1252 132 1313 in
146 1274 179 1315 re
193 1250 329 1336 publica
343 1272 439 1335 posse
455 1249 716 1324 arbitrarentur3
733 1251 865 1334 equites
879 1271 957 1316 vero
974 1251 1140 1316 Romanos
1197 1241 1200 1246 ¹

33 1345 34 1399 l
102 1355 228 1420 daturos
245 1356 338 1419 illius
353 1354 421 1420 diei
436 1375 570 1439 poenas,
588 1377 655 1439 quo
677 1377 728 1420 me
755 1355 893 1419 consula
919 1376 995 1418 cum
1019 1355 1141 1440 gladiis

33 1442 34 1447 ἵ
102 1461 130 1520 in
145 1461 231 1523 clivo
247 1459 440 1544 Capitolino
456 1457 622 1533 fuisseut3
647 1459 779 1524 venisse
797 1467 931 1543 tempus
954 1460 1005 1534 iis,
1023 1460 1082 1544 qui
1106 1460 1140 1523 in
1163 1475 1192 1520 aa

33 1552 36 1597 Ῑ
102 1564 209 1627 timore
226 1562 373 1628 fuissent
385 1563 596 1646 (coniuratos
609 1562 769 1627 videlicet
785 1562 947 1644 dicebat),
957 1563 1141 1628 ulciscendi

35 1670 36 1743 j
100 1668 156 1728 sui.
200 1666 236 1730 Si
252 1667 395 1732 dixisset
413 1667 495 1730 haec
518 1667 638 1741 solum,
656 1667 746 1729 omni
769 1667 936 1751 supplicio
959 1675 1048 1732 esset
1071 1667 1141 1754 dig-

36 1778 37 1841 }
101 1792 177 1846 nus3
210 1792 288 1835 nam
314 1771 419 1834 oratio
446 1772 519 1854 ipsa
545 1771 693 1834 consulis
722 1771 908 1855 perniciosa
933 1779 1045 1856 potest
1071 1793 1140 1836 rem

36 1890 37 1925 ³
101 1875 259 1958 publicam
275 1874 475 1939 labefactare
489 1897 497 1949 ;
521 1874 605 1958 quid
621 1873 749 1949 fecerit,
763 1874 886 1939 videte.
925 1874 962 1938 L.
978 1875 1137 1953 Lamiam,
1153 1881 1193 1943 29

37 2036 38 2039 ,
101 1980 151 2062 qui
166 2001 243 2043 cum
258 2001 311 2042 me
328 1979 440 2062 ipsum
454 1999 515 2062 pro
540 1999 672 2041 summa
693 1976 932 2054 familiaritate,
950 1999 1035 2062 quae
1059 1979 1141 2042 mihi
1163 1995 1193 2039 ao

37 2152 38 2161 χ
100 2103 168 2145 cum
183 2090 277 2167 patre
293 2083 367 2146 eius
383 2089 464 2158 erat,
481 2082 579 2145 unice
595 2081 767 2167 diligebat,
785 2088 859 2144 tum
875 2103 935 2166 pro
951 2103 985 2146 re
1006 2081 1140 2166 publica

101 2188 147 2251 vel
172 2195 314 2252 mortem
346 2195 503 2271 oppetere
535 2184 701 2269 cupiebat,
730 2187 765 2248 in
793 2187 949 2250 contione
977 2186 1141 2272 relegavit

37 2276 38 2279 Ἴ
100 2291 273 2376 edixitque,
294 2299 334 2355 ut
348 2291 391 2354 ab
414 2291 493 2355 urbe
521 2290 652 2355 abesset
677 2290 770 2353 milia
797 2311 957 2375 passuum
984 2289 1139 2368 ducenta,

38 2390 39 2435 ἕ
100 2396 182 2478 quod
208 2403 297 2460 esset
322 2417 425 2459 ausus
452 2417 512 2480 pro
540 2396 617 2472 civi,
633 2417 693 2479 pro
721 2393 805 2459 bene
833 2396 953 2460 merito
981 2395 1058 2472 civi,
1079 2417 1140 2480 pro

99 2501 205 2576 ami00,
221 2522 282 2584 pro
298 2522 333 2564 re
349 2498 483 2583 publica
499 2498 679 2584 deprecari,
1162 2513 1191 2561 35

38 2606 39 2643 l
135 2621 213 2667 xm.
246 2603 340 2682 Quid
355 2603 417 2668 hoc
433 2603 567 2668 homine
584 2602 689 2667 facias
705 2611 765 2667 aut
780 2625 849 2687 quo
865 2604 972 2668 civem
989 2606 1139 2688 inportu-

38 2724 39 2801 }
99 2727 172 2771 num
186 2715 248 2773 aut
263 2729 331 2792 quo
347 2709 460 2792 potius
484 2701 619 2772 hostem¹
642 2715 711 2771 tam
738 2708 938 2772 sceleratum
966 2709 1138 2774 reserves?

100 2813 159 2894 qui,
186 2819 227 2876 ut
256 2812 410 2874 omittam
440 2820 560 2887 cetera,
589 2833 674 2896 quaa
706 2819 789 2876 sunt
824 2813 855 2876 ei
886 2834 962 2876 cum
1001 2813 1140 2900 conlega

38 2928 39 2931 ’
100 2915 215 2980 inmani
253 2917 453 3001 impuroque
491 2917 671 2980 coniuncta
710 2925 812 3001 atque
850 2918 1049 2993 eommunia,
1077 2917 1139 2981 hoe

38 3074 41 3089 ,
100 3037 195 3083 unum
222 3019 324 3083 habet
350 3021 530 3104 proprium,
547 3027 587 3083 ut
607 3042 649 3084 ex
675 3019 756 3084 urbe
785 3021 964 3105 expulerit,
982 3021 1140 3108 relegarit
1176 3038 1191 3083 5

38 3108 42 3200 ζ
100 3142 158 3186 non
180 3123 255 3188 dieo
279 3125 429 3208 equitem
455 3126 654 3200 Romanum,
671 3146 738 3188 non
763 3125 1013 3212 ornatissimum
1035 3135 1137 3211 atque

39 3314 40 3323 ἵ
101 3229 252 3311 optimum
268 3230 389 3305 virum,
407 3250 473 3292 non
498 3229 739 3293 amicissimum
766 3230 813 3294 rei
840 3229 994 3314 publicae
1019 3231 1137 3306 civem,

39 3334 40 3363 l
101 3350 158 3395 non
179 3334 237 3397 iilo
264 3335 338 3418 ipso
366 3341 513 3418 tempore
542 3356 609 3398 una
633 3356 711 3398 cum
732 3340 856 3418 senatu
881 3341 917 3398 et
941 3355 1018 3399 eum
1041 3335 1137 3400 bonis

101 3437 244 3502 omnibus
272 3460 385 3502 casum
417 3439 515 3503 amisi
546 3439 660 3522 reique
686 3437 840 3523 publicae
866 3439 1050 3526 lugentem,
1078 3437 1137 3504 sed

101 3541 198 3606 civem
222 3544 411 3608 Romanum
438 3544 508 3608 sine
536 3544 607 3607 ullo
633 3542 758 3607 iudicio
783 3549 823 3606 ut
846 3541 955 3608 edicto
972 3565 1014 3608 ex
1030 3543 1138 3628 patria
1161 3557 1189 3602 10

101 3648 206 3712 consul
233 3648 377 3713 eiecerit.
424 3646 517 3710 Nihil
544 3647 696 3712 acerbius
727 3647 809 3723 sQeii
841 3655 876 3712 et
908 3647 1019 3711 Latini
1050 3646 1136 3712 ferre
1147 3648 1189 3710 30

102 3751 182 3814 soliti
207 3761 287 3818 sunt
312 3774 413 3837 quam
438 3773 483 3828 se,
500 3751 535 3815 id
560 3752 652 3835 quod
676 3773 811 3836 perraro
839 3751 969 3828 accidit,
986 3774 1028 3818 ex
1055 3752 1135 3817 urbe

103 3854 181 3920 exire
197 3878 216 3920 a
231 3857 425 3942 consulibus
441 3855 557 3920 iuberi.
604 3856 720 3940 Atque
737 3856 805 3920 illis
823 3865 896 3920 tum
913 3863 984 3920 erat
996 3853 1135 3922 'reditus
