2800 4367
451 369 531 420 cnr.
557 371 645 433 anm,
670 371 684 433 s
707 372 792 424 a-so.
1136 363 1197 428 197

108 541 219 617 virum,
237 563 279 605 ne
295 541 426 606 videret
442 543 603 606 victorem
620 544 718 607 vivus
744 544 925 620 inimicum,
943 545 1058 610 eadem
1083 546 1146 611 sibi

108 667 201 708 marm
233 646 336 709 vitam
369 645 573 722 exhausisse,
598 668 666 730 qua
694 655 834 712 mortem
865 669 962 733 saepe
994 649 1146 714 hostibus

108 749 289 833 optulisset.

146 871 237 916 xxn.
263 855 356 920 Haec
378 877 440 941 ego
463 864 499 920 et
515 857 622 918 multa
636 857 702 919 alia
718 857 870 942 cogitans
895 856 956 920 hoc
983 856 1145 936 videbam,
1160 864 1200 924 49

108 960 132 1021 si
166 980 301 1022 causam
325 959 493 1044 publicam
517 958 590 1024 inea
613 981 701 1022 mors
738 961 942 1044 peremisset,
981 961 1144 1025 neminem

109 1084 261 1146 umquam
289 1062 372 1141 fore,
395 1064 455 1148 qui
478 1063 617 1128 auderet
639 1065 808 1148 suscipere
833 1073 949 1128 eontra
982 1065 1146 1150 improbos

109 1168 183 1230 civis
206 1168 352 1232 salutem
380 1168 427 1232 rei
455 1167 618 1252 publicae.
666 1168 797 1252 Itaque,
823 1190 890 1233 non
913 1169 1023 1233 solum
1054 1171 1081 1234 si
1113 1171 1147 1235 vi

111 1272 300 1347 interissem,
326 1270 386 1336 sed
411 1273 564 1336 etiamsi
588 1273 702 1337 morbo
730 1273 902 1337 extinctus
928 1295 1044 1348 essem,
1078 1273 1148 1338 fore
1185 1291 1200 1335 o

111 1374 259 1457 putabam
302 1384 342 1440 ut
362 1376 572 1459 'exemplum
617 1378 663 1440 rei
704 1376 857 1461 publicae
899 1377 1146 1442 conservandae

111 1500 231 1542 mecum
261 1480 364 1543 simul
394 1481 557 1544 interiret.
605 1480 690 1559 Quis
726 1482 815 1544 euim
847 1502 1005 1565 umquam
1039 1504 1090 1546 me
1129 1503 1149 1545 a

110 1591 219 1646 senatu
251 1585 445 1668 populoque
479 1585 627 1649 Romano
666 1593 761 1649 tanto
799 1585 947 1649 omnium
987 1585 1148 1649 bonorum

110 1686 213 1750 studio
239 1709 307 1750 non
332 1689 489 1753 restituto
513 1688 606 1773 quod
630 1697 730 1765 certe,
754 1691 782 1753 si
806 1711 913 1754 essem
938 1688 1147 1766 interfectus,

110 1790 249 1855 accidere
267 1813 334 1855 non
351 1793 526 1876 potuisset,
547 1793 649 1855 ullam
674 1792 893 1877 reipublicae
919 1801 1048 1878 partem
1071 1816 1148 1858 cum
1173 1809 1202 1854 ro

110 1916 164 1958 sua
179 1896 316 1959 minima
332 1895 460 1961 invidia
480 1895 621 1961 auderet
643 1897 836 1983 attingere?
881 1895 1020 1962 Servavi
1045 1899 1149 1985 igitur

41 2042 42 2047 η
113 2000 364 2084 rempublicam
389 2001 540 2066 discessu
566 2023 648 2077 meo,
679 2001 827 2079 iudices3
852 2002 988 2068 eaedem
1011 2024 1030 2066 a
1053 2002 1148 2068 vobis

113 2103 282 2189 liberisque
314 2107 444 2182 vestris,
478 2107 680 2182 vastitatem,
714 2105 878 2183 incendia,
913 2107 1043 2192 rapinas
1075 2128 1149 2172 meo

113 2207 214 2274 dolore
253 2210 416 2295 luctuque
456 2208 571 2295 depuli
604 2220 640 2274 et
670 2231 759 2274 unus
799 2210 849 2274 bis
881 2233 949 2275 rem
981 2210 1150 2295 publicam

113 2315 243 2390 servavi,
272 2314 375 2380 semel
405 2313 521 2401 gloria,
555 2315 680 2380 iterum
711 2336 871 2380 aerumna
903 2336 985 2379 mea.
1033 2315 1150 2406 Neque
1174 2331 1202 2376 15

113 2419 249 2481 enimin
274 2418 336 2484 hoc
361 2441 412 2484 me
437 2419 604 2484 hominem
628 2441 701 2484 esse
727 2419 894 2483 infitiabor
916 2441 1086 2504 umquam,
1111 2428 1150 2483 ut

115 2543 159 2586 me
180 2524 306 2608 optimo
329 2522 443 2599 fratre,
468 2524 647 2590 carissimis
671 2523 794 2599 liberis,
820 2523 979 2588 fidissima
995 2524 1148 2610 coniuge,

116 2636 215 2692 vestro
230 2636 425 2714 conspectu,
443 2630 559 2713 patria,
576 2628 638 2693 hoc
655 2628 792 2692 honoris
808 2628 915 2715 gradu
939 2630 1011 2693 sine
1035 2626 1148 2693 dolore

116 2734 246 2798 caruisse
271 2734 404 2820 glorier.
452 2732 553 2812 Quod
579 2734 608 2798 si
633 2731 798 2809 fecissem,
823 2733 914 2818 quod
937 2755 956 2796 a
979 2755 1030 2797 me
1055 2733 1150 2798 bene·

117 2835 215 2900 ficium
239 2838 416 2913 haberetis,
442 2859 601 2922 cumpro
629 2837 724 2902 vobis
749 2858 797 2913 ea,
822 2859 907 2923 quae
936 2838 1016 2901 mihi
1040 2844 1204 2902 essentne

41 2956 42 2963 ¹
118 2940 195 3016 vilia,
225 2941 461 3027 reliquissem?
508 2941 581 3005 Hoc
599 2963 686 3005 meo
719 2941 855 3025 quidem
886 2942 998 3005 animo
1028 2942 1150 3006 summi

118 3042 145 3105 in
156 3046 290 3128 patriam
307 3048 429 3111 amoris
449 3047 514 3112 mei
537 3048 673 3133 signum
696 3067 768 3111 esse
792 3046 892 3111 debet
915 3047 1149 3122 certissimum,

41 3196 45 3226 ,
119 3149 206 3231 quod,
222 3171 299 3214 cum
315 3150 429 3215 abesse
444 3150 486 3214 ab
502 3173 541 3215 ea
557 3152 627 3215 sine
644 3172 774 3215 summo
791 3150 903 3216 dolore
921 3171 988 3215 non
1008 3172 1149 3236 possem,

42 3257 45 3270 '
120 3251 195 3318 huno
217 3277 268 3319 me
297 3256 427 3340 perpeti
454 3276 556 3339 quam
583 3255 674 3318 illam
703 3254 897 3320 labefactari
925 3254 967 3319 ab
995 3255 1151 3340 improbis

120 3359 217 3422 malui.
255 3359 483 3436 Memineram,
498 3359 635 3436 iudiceS,
650 3359 803 3424 divinum
818 3360 913 3423 illum
927 3360 1037 3424 virum
1049 3367 1151 3444 atque
1164 3363 1204 3423 50

120 3480 155 3522 ex
169 3463 268 3528 isdem
286 3463 408 3548 quibus
425 3485 485 3527 nos
503 3463 671 3529 radicibus
689 3472 807 3527 natum
825 3463 1026 3528 adsalutem
1051 3464 1161 3527 huius·
1174 3477 1204 3520 ro

121 3563 245 3649 imperii,
263 3567 302 3631 O.
320 3567 477 3644 Marium,
495 3589 626 3631 summa
652 3576 837 3645 senectute,
855 3590 933 3632 curn
957 3568 1026 3633 vim
1050 3590 1149 3653 prope

122 3668 269 3734 iustorum
307 3694 473 3736 armorum
505 3672 721 3759 profugisset,
754 3673 860 3756 primo
891 3672 995 3736 senile
1030 3693 1149 3756 eorpus

122 3773 283 3853 paludibus
308 3763 493 3841 occultasse
518 3775 718 3852 demersum,
744 3775 864 3840 deinde
892 3774 935 3839 ad
961 3776 1150 3839 infimorum

122 3895 153 3940 ae
185 3883 453 3946 tenuissimorum
492 3882 663 3945 hominum
705 3881 993 3944 Minturnensium
1030 3882 1153 3944 miseri·
1175 3895 1204 3940 30
