2800 4367
214 335 276 402 198
545 347 618 400 ruo
640 347 669 399 r.
694 345 822 400 snsmo
845 345 992 400 onemo.

264 520 411 585 cordiam
432 518 635 606 confugisse,
652 519 729 584 inde
755 519 889 604 navigio
913 540 1088 604 perparvo,
1105 541 1178 582 cnm
1199 521 1289 583 omnm

265 631 382 709 portus
400 633 571 708 terrasque
589 621 735 708 lugeret,
753 624 787 686 in
811 643 884 687 oras
908 621 1046 688 Africae
1071 621 1292 688 desertissimas

267 729 465 813 pervenisse.
513 728 631 812 Atque
656 727 714 791 ille
740 728 843 791 vitam
869 748 975 802 suam,
993 749 1033 790 ne
1058 727 1187 792 inultus
1208 736 1292 804 esset,

266 831 308 897 ad
324 833 580 896 incertissimam
595 854 688 916 spem
706 841 741 897 et
763 830 807 894 ad
830 832 878 896 rei
901 831 1055 915 publicae
1080 829 1186 895 fatum
1207 853 1294 896 reser-

213 951 241 997 at
265 937 376 1010 vavit;
400 957 474 1021 ego,
491 936 560 1020 qni,
577 957 678 1020 quern
702 933 745 999 ad
769 935 905 999 niodum
930 935 1030 999 multi
1058 936 1090 997 in
1115 944 1229 1000 senatu
1250 957 1294 1000 me

265 1048 403 1124 apsente
419 1038 588 1115 dixerunt,
605 1037 757 1123 periculo
774 1039 820 1103 rei
837 1037 990 1123 publicae
1005 1038 1169 1114 vivebam,
1182 1039 1296 1123 quique

265 1144 406 1208 obeam
437 1165 569 1208 causam
599 1143 831 1208 consularibus
862 1143 985 1208 litteris
1016 1142 1057 1207 de
1082 1152 1215 1208 senatus
1235 1165 1298 1208 sen-

266 1247 373 1312 tentia
388 1249 512 1312 exteris
529 1246 722 1312 nationibus
739 1247 1004 1323 commendabam
1022 1269 1143 1323 nonne,
1159 1248 1187 1312 si
1202 1269 1296 1312 meam

266 1353 370 1417 vitam
385 1351 616 1427 deseruissem,
633 1373 702 1416 reni
720 1351 888 1436 publicam
916 1351 1138 1436 prodidissem
1150 1352 1164 1413 ‘l
1175 1349 1219 1416 'in
1240 1373 1299 1436 qua

212 1455 399 1541 mquidem
425 1477 514 1520 nune
538 1477 590 1519 me
620 1457 777 1520 restituto
806 1456 892 1520 vivit
919 1477 1051 1520 mecum
1078 1456 1181 1520 simul
1204 1477 1300 1521 exem-

266 1560 359 1644 plum
376 1559 452 1624 fidei
468 1559 630 1645 publicae.
677 1559 779 1638 Quod
794 1561 823 1624 si
839 1560 1026 1624 immortale
1044 1561 1218 1637 retinetur,
1234 1562 1300 1644 quis

266 1686 333 1728 non
364 1664 534 1751 intellegit
564 1665 785 1728 immortalem
818 1664 902 1729 hanc
934 1666 1107 1730 civitatem
1138 1665 1299 1729 futuram?

213 1773 251 1834 51
267 1785 374 1832 xxrrr.
400 1767 485 1832 Nam
511 1778 652 1834 externa
675 1768 763 1833 bella
795 1789 922 1854 regum,
949 1770 1114 1855 gentium,
1139 1770 1301 1849 nationum

266 1873 331 1936 iam
345 1871 472 1957 pridem
485 1874 692 1937 itaextincta
702 1881 793 1948 sunt,
803 1881 842 1936 ut
851 1873 1104 1956 praeclareoum
1116 1873 1155 1937 iis
1164 1895 1301 1959 agamus,

266 1998 351 2062 quos
367 1988 501 2062 pacatos
516 1998 587 2042 esse
604 1977 772 2061 patiamur
781 2000 790 2052 ;
814 1975 961 2061 deniqne
978 1999 1021 2042 ex
1038 1976 1159 2041 bellica
1175 1979 1304 2042 victoria
1359 1969 1360 2000 ³

267 2102 334 2145 non
350 2080 419 2146 iere
436 2103 640 2166 quemquam
656 2088 709 2145 est
732 2079 859 2145 invidia
883 2081 1009 2145 civium
1037 2089 1234 2154 consecuta:
1257 2081 1305 2144 do

213 2199 228 2242 ὅ
265 2186 411 2251 mesticis
435 2187 530 2250 malis
554 2194 590 2250 et
612 2184 789 2250 audacium
814 2186 940 2250 civium
965 2186 1113 2250 consiliis
1141 2208 1237 2270 saepe
1261 2193 1305 2248 est

270 2288 503 2365 resistendum,
531 2310 714 2375 eorumque
740 2289 965 2373 periculorum
989 2291 1100 2354 estin
1123 2311 1157 2353 re
1182 2288 1307 2374 publica

267 2379 441 2458 retinenda
451 2392 635 2468 medicina3
653 2415 755 2479 quam
765 2414 908 2469 omnem,
920 2391 1058 2469 iudices,
1072 2392 1305 2477 perdidissetis,
1358 2375 1359 2432 l

269 2499 386 2562 simeo
402 2499 542 2562 interitu
559 2499 692 2562 senatui
717 2497 911 2582 populoque
937 2497 1088 2562 Romano
1113 2497 1236 2562 doloris
1259 2498 1305 2561 sni

267 2601 308 2666 de
325 2623 376 2666 me
393 2601 584 2666 declarandi
600 2610 748 2686 potestas
772 2610 861 2666 esset
883 2610 1006 2686 erepta.
1055 2601 1168 2681 Quare
1197 2623 1306 2666 moneo

216 2715 244 2760 10
267 2726 335 2781 voa,
358 2704 601 2782 adulescentes,
629 2714 732 2790 atque
761 2705 822 2770 hoe
850 2727 924 2769 meo
952 2706 1023 2770 iure
1055 2706 1231 2790 praecipio,
1254 2705 1305 2789 qui
1357 2775 1358 2788 2

268 2808 479 2896 dignitatem,
505 2811 656 2895 quirem
684 2809 863 2894 publicam,
892 2809 953 2893 qni
979 2810 1121 2895 gloriam
1143 2810 1305 2894 spectatis
1357 2795 1358 2848 3

270 2936 323 2991 ne,
338 2916 367 2980 si
383 2937 469 2999 quae
486 2937 546 2981 vos
569 2914 752 3000 aliqnando
779 2915 960 2980 necessitas
985 2914 1028 2978 ad
1054 2935 1121 2978 rem
1146 2914 1306 2998 publicam

270 3030 386 3083 contra
409 3019 574 3103 improbos
598 3020 681 3083 civis
708 3015 954 3083 defendendam
977 3017 1119 3092 vocabit,
1144 3019 1305 3103 segniores

270 3123 343 3186 sitis
374 3131 409 3187 et
440 3122 666 3188 recordatione
699 3124 764 3188 mei
796 3144 892 3187 casus
923 3143 943 3186 a
983 3123 1132 3186 consiliis
1171 3121 1305 3186 fortibus

216 3225 457 3311 52refugiatis.
504 3227 654 3291 Primum
682 3248 751 3290 non
776 3234 829 3292 est
855 3226 1051 3311 pericnlum,
1077 3246 1118 3289 ne
1145 3225 1222 3309 quis
1247 3245 1306 3287 uni-

217 3347 245 3391 16
267 3352 369 3415 quam
393 3328 522 3394 incidat
538 3331 572 3394 in
588 3332 660 3396 eins
684 3330 774 3394 modi
799 3331 964 3406 eonsules,
989 3329 1183 3413 praesertim
1199 3329 1228 3393 si
1251 3327 1306 3391 erit

247 3436 309 3498 iis
341 3433 384 3510 id,
410 3434 503 3519 quod
528 3433 678 3511 debetur,
705 3435 927 3520 persolutum.
975 3432 1106 3498 Deinde
1131 3450 1305 3516 numquam

268 3540 344 3614 iam,
368 3545 409 3602 ut
429 3560 537 3624 spere,
561 3540 743 3624 quisquam
774 3539 944 3623 improbus
968 3537 1107 3602 oonsilio
1131 3544 1166 3601 et
1187 3533 1304 3600 anxilio

235 3642 237 3645 ’
268 3630 431 3706 bonorum
462 3664 497 3707 se
529 3664 725 3730 oppugnare
758 3665 825 3708 rem
858 3642 1027 3726 publicam
1058 3640 1148 3706 dicet
1179 3640 1244 3704 illis
1265 3645 1305 3700 ta·

215 3761 245 3807 ao
266 3746 421 3812 centibus
456 3769 516 3812 nec
548 3747 666 3811 armati
697 3749 866 3812 exercitus
898 3755 1057 3812 terrorem
1088 3750 1234 3829 opponet
1264 3748 1305 3803 to

268 3853 377 3936 gatis;
402 3872 513 3936 neque
538 3852 603 3915 erit
619 3853 708 3915 iusta
731 3873 832 3916 cansa
855 3851 897 3914 ad
924 3859 1034 3936 portas
1057 3848 1190 3915 sedenti
1213 3849 1303 3930 impe
