2800 4367
465 353 545 410 cir.
569 356 658 424 aaa,
682 355 697 424 ς
719 357 807 414 cr-ca
1149 345 1212 414 281

78 539 291 599 conaretur
320 530 480 608 occidere,
504 531 602 597 bodie
625 554 694 596 rem
719 532 887 617 publicam
914 532 1042 597 nullam
1069 533 1164 601 habe-

81 640 193 703 retis.
247 637 308 700 An
334 637 391 700 ille
414 643 557 721 praetor,
581 636 638 700 ille
663 658 743 702 vero
766 637 894 712 consul,
910 637 938 700 si
962 636 1059 701 modo
1081 638 1161 704 haec
1174 645 1214 707 90

21 754 23 809 ,³
84 743 237 828 templa
269 747 370 826 atque
402 742 473 826 ipsa
504 741 634 805 moenia
663 748 752 806 stare
784 763 823 806 eo
856 741 935 806 vivo
966 742 1095 806 tamdiu
1126 751 1162 808 et

88 847 326 912 consulatum
357 845 428 909 eius
467 853 644 930 expectare
684 845 885 930 potuissent,
917 845 975 910 ille
1013 845 1159 931 denique

90 953 208 1016 vivus
242 949 324 1014 mali
352 948 436 1012 nihil
467 948 612 1025 lecisset,
643 950 704 1034 qui
735 957 887 1014 mortuus
918 970 986 1013 uno
1016 972 1059 1014 ex
1090 953 1159 1018 suis
1184 972 1214 1017 aa
1287 934 1296 948 ¹

91 1052 315 1119 satellitibus
338 1051 423 1118 duce
447 1054 573 1117 curiam
597 1053 810 1118 incenderit?
856 1052 934 1132 Quo
959 1054 1042 1138 quid
1066 1055 1160 1121 mise·

20 1130 22 1241 l
95 1162 189 1234 rius,
207 1157 295 1241 quid
314 1156 475 1234 acerbiuS,
498 1156 581 1241 quid
604 1157 792 1221 luctuosius
817 1157 971 1232 vidimus,
995 1160 1158 1243 templum

96 1262 312 1338 sanctitatis,
329 1260 572 1346 amplitudinis,
590 1263 722 1337 mentis,
748 1262 879 1325 consilii
902 1262 1037 1347 publici,
1056 1271 1159 1348 caput

20 1358 21 1403 i
99 1367 214 1443 urbis,
232 1387 322 1430 aram
342 1366 518 1441 sociorum,
535 1373 669 1450 portum
692 1367 843 1429 omnium
865 1367 1028 1451 gentium,
1045 1366 1158 1432 sedem

99 1472 145 1535 ab
174 1471 335 1534 universo
361 1469 486 1555 populo
513 1490 703 1534 concessam
732 1469 791 1532 uni
816 1469 924 1533 ordini
950 1468 1158 1550 inflammari,
1183 1488 1213 1532 ac

100 1573 258 1649 excindi,
270 1572 445 1651 funestari,
458 1595 568 1658 neque
585 1572 620 1636 id
635 1573 707 1638 fieri
723 1595 742 1637 a
758 1574 976 1639 multitudine
994 1576 1156 1660 imperita,

102 1699 317 1764 quamquam
333 1685 422 1742 esset
440 1678 597 1742 miserum
613 1676 650 1740 id
665 1679 786 1762 ipsum,
803 1678 862 1742 sed
884 1678 926 1743 ab
950 1680 1044 1742 uno?
1090 1680 1160 1760 Qui

103 1806 186 1848 cum
206 1789 339 1847 tantum
360 1803 462 1846 ausus
487 1783 533 1846 sit
556 1789 651 1846 ustor
666 1804 726 1868 pro
750 1791 891 1859 mortuo,
910 1782 993 1866 quid
1016 1784 1157 1870 signifer

104 1913 171 1975 pro
183 1891 262 1955 vivo
274 1911 343 1953 non
355 1896 443 1953 esset
454 1889 578 1952 ausus?
615 1888 655 1951 ln
666 1889 792 1952 curiam
805 1887 1015 1972 potissimum
1028 1888 1158 1966 abiecit,
1183 1910 1213 1955 29

104 2003 151 2059 ut
165 2016 239 2060 eam
262 2001 414 2058 mortuus
432 1995 635 2072 incenderet,
652 2016 754 2080 quam
771 1997 869 2061 vivus
893 2003 1071 2060 everterat.
1118 1994 1164 2058 Et
1175 1998 1211 2060 91

17 2166 18 2201 ,
105 2108 202 2176 sunt,
219 2099 335 2185 quide
358 2101 412 2164 via
437 2100 548 2186 Appia
571 2107 765 2185 querantur,
784 2108 918 2166 taceant
940 2100 980 2165 de
1006 2101 1108 2176 curia,
1126 2107 1161 2164 et

107 2207 171 2290 qui
187 2205 229 2269 ab
243 2227 283 2270 ec
297 2206 445 2289 spirante
461 2204 572 2269 forum
591 2213 714 2290 putent
730 2207 880 2292 potuisse
897 2204 1044 2282 defendi,
1062 2206 1158 2269 cuius

107 2331 179 2374 non
195 2310 358 2374 restiterit
372 2309 527 2374 cadaveri
539 2310 654 2374 curia?
701 2310 869 2388 Excitate,
880 2311 1025 2375 excitate
1039 2311 1159 2394 ipsum,

107 2415 139 2479 si
155 2415 306 2501 potestis,
323 2435 343 2477 a
358 2413 514 2490 mortuis3
532 2413 693 2500 frangetis
712 2415 874 2500 impetum
890 2416 971 2492 vivi,
985 2414 1081 2480 cuius
1098 2414 1157 2478 vix

109 2519 287 2584 sustinetis
304 2518 407 2583 furias
424 2518 610 2602 insepulti?
657 2518 731 2583 Nisi
755 2542 835 2584 vero
859 2519 1068 2584 sustinuistis
1092 2539 1159 2596 eos,
1184 2529 1212 2574 35

110 2625 171 2708 qui
187 2646 263 2688 cum
279 2622 408 2687 facibus
424 2622 467 2686 ad
483 2624 608 2686 curiam
623 2631 853 2700 cucurrerunt,
867 2646 943 2689 cum
959 2623 1101 2688 falcibus
1117 2621 1160 2686 ad

111 2728 269 2805 Castoris,
283 2750 359 2793 cum
371 2727 492 2814 gladiis
504 2735 574 2791 toto
588 2726 659 2792 foro
673 2729 870 2792 volitarunt.
910 2728 1013 2794 Caedi
1025 2728 1156 2793 vidistis

111 2833 272 2917 populum
295 2833 493 2907 Romanum,
510 2832 700 2896 contionem
725 2831 846 2918 gladiis
871 2832 1062 2908 disturbari,
1079 2853 1156 2896 cum

111 2937 285 3002 audiretur
299 2939 433 3002 silentio
459 2937 506 3000 M.
524 2936 668 3012 Caelius,
688 2936 844 3001 tribunus
868 2936 924 3022 pl.,
941 2939 1044 3003 viret
1066 2938 1100 3000 in
1125 2958 1159 2999 re

112 3041 245 3126 publica
275 3040 478 3106 fortissimus
509 3049 544 3106 et
575 3043 609 3104 in
638 3048 793 3126 suscepta
825 3063 924 3107 causa
952 3042 1157 3106 firmissimus
1182 3058 1213 3104 40

112 3152 147 3209 et
176 3145 338 3210 bonorum
369 3146 538 3211 voluntati
570 3153 605 3210 et
634 3147 828 3211 auctoritati
860 3155 996 3212 senatus
1024 3145 1158 3211 deditus

111 3258 147 3314 et
175 3251 211 3314 in
241 3250 303 3315 hac
330 3250 469 3315 Milonis
492 3251 562 3315 sive
588 3250 717 3315 invidia
741 3252 811 3316 sive
836 3250 973 3317 fortuna
996 3249 1159 3336 singulari

112 3352 226 3420 divina
249 3361 285 3419 et
307 3354 494 3420 incredibili
519 3353 593 3419 fide.

155 3476 286 3523 XXXIV.
319 3457 384 3523 Sed
401 3460 466 3523 iam
481 3460 562 3523 satis
587 3457 695 3522 multa
711 3456 751 3522 de
778 3480 885 3536 causa,
903 3468 999 3524 extra
1026 3461 1211 3524 causam92

112 3564 212 3627 etiam
227 3563 327 3628 nimis
350 3562 627 3627 fc1tassemulta.
675 3561 768 3641 Quid
792 3570 905 3640 restat,
923 3565 987 3628 nisi
1008 3572 1047 3628 ut
1069 3585 1158 3629 orem

113 3665 327 3753 obtesterque
343 3690 413 3745 vos,
430 3667 566 3743 iudices,
584 3673 624 3732 ut
638 3687 712 3731 eam
727 3655 987 3732 misericordiam
1003 3668 1157 3732 tribuatis

112 3769 293 3857 fortissimo
324 3772 405 3849 viro,
434 3794 536 3857 quam
566 3773 636 3856 ipse
673 3793 741 3835 non
772 3771 937 3855 implorat,
970 3795 1032 3858 ego
1057 3773 1158 3837 etiam

112 3884 319 3966 repugnante
343 3876 405 3941 hcc
429 3885 465 3942 et
486 3877 625 3961 imploro
648 3883 684 3940 et
707 3876 877 3961 exposco?
924 3874 1047 3951 Nolite,
1071 3876 1100 3938 si
1123 3875 1158 3936 in
1194 3884 1210 3928 5
