2800 4367
167 309 230 375 316
455 323 528 374 rao
550 305 697 374 ancara
719 320 843 374 roura
866 320 1021 373 nasim.

174 496 293 560 3dam
325 495 415 559 inter
439 516 474 558 se
503 495 730 559 continentur.
786 511 824 557 11.
861 493 928 558 Sed
958 516 1000 559 ne
1031 495 1087 559 cui
1114 501 1273 560 vestrum

184 682 186 685 v
219 601 340 662 mirum
364 620 435 664 esse
452 597 609 663 videatur
635 620 687 662 me
715 598 750 660 in
778 599 974 682 quaestione
991 599 1143 685 legitima
1167 606 1202 664 et
1231 599 1272 661 in

220 703 343 768 iudicio
360 703 505 788 publico,
523 724 600 766 cum
616 724 668 767 res
691 710 814 789 agatur
829 701 920 787 apud
943 710 1130 788 praetorem
1146 703 1272 788 populi

219 808 369 883 Romani,
386 807 607 872 lectissimum
627 808 748 882 virum,
770 815 806 871 et
827 806 918 891 apud
938 807 1163 872 severissimos
1180 805 1272 870 iudi-

178 929 281 987 sceS,
309 919 405 975 tanto
430 920 600 976 conventu
631 912 805 974 hominum
832 932 869 974 ac
896 907 1087 994 frequentia
1116 912 1179 975 hoc
1214 911 1271 974 uti

218 1015 337 1102 genere
353 1014 497 1091 dicendi,
514 1015 606 1100 quod
629 1013 697 1080 non
714 1015 812 1079 modo
828 1014 1101 1082 aconsuetudine
1126 1015 1271 1080 iudicio-

219 1142 303 1196 rum,
320 1120 556 1185 verumetiam
573 1141 593 1182 a
613 1119 739 1184 forensi
762 1141 913 1184 sermone
938 1118 1122 1196 abhorreat,
1140 1141 1269 1204 quaeso

218 1247 237 1288 a
253 1225 356 1301 vobis,
374 1231 414 1287 ut
431 1225 465 1287 in
481 1223 543 1287 hac
559 1244 659 1288 causa
674 1223 758 1287 mihi
774 1223 861 1288 detis
877 1224 964 1287 hanc
980 1225 1114 1288 veniam
1140 1245 1269 1288 accom-

217 1328 385 1393 modatam
411 1329 489 1393 huic
509 1349 577 1404 reo,
590 1327 694 1417 vobis,
712 1349 813 1412 quem
835 1326 879 1390 ad
905 1326 1042 1391 modum
1066 1348 1172 1411 spero,
1197 1349 1268 1392 non

166 1451 194 1494 10
217 1435 401 1509 molestam,
418 1441 458 1496 ut
472 1454 524 1496 me
551 1454 611 1517 pro
637 1454 768 1496 summo
794 1435 894 1518 potita
917 1440 1019 1517 atque
1036 1432 1267 1498 eruditissimo

220 1539 349 1612 homine
367 1536 534 1602 dicentem
549 1537 612 1601 hoc
628 1559 795 1602 concursu
811 1536 984 1600 hominum
1008 1537 1268 1603 litteratissimo-

218 1664 301 1719 rum,
319 1642 382 1705 hac
398 1648 509 1706 vestra
524 1641 745 1718 humanitate,
762 1642 824 1706 hoo
842 1641 987 1726 denique
1005 1649 1155 1727 praetore
1172 1663 1267 1706 exer-

217 1754 313 1810 cente
345 1745 508 1810 iudicium
538 1747 713 1831 patiamini
745 1746 785 1811 de
816 1745 939 1810 studiis
969 1747 1191 1810 humanitatis
1224 1768 1263 1811 ac

219 1851 408 1915 litterarum
424 1850 525 1935 paulo
541 1850 636 1934 loqui
652 1850 790 1915 liberius
806 1851 893 1914 etin
909 1850 981 1915 eius
997 1850 1088 1915 modi
1111 1873 1263 1935 persona,

166 1971 194 2015 15
216 1977 302 2039 quae
319 1962 458 2039 propter
469 1956 577 2019 otium
593 1977 632 2018 ac
647 1954 800 2019 studium
826 1955 962 2019 minime
978 1955 1014 2018 in
1029 1954 1164 2019 iudiciis
1180 1957 1265 2040 peri-

217 2061 369 2142 culisque
382 2066 524 2122 tractata
534 2065 595 2134 est,
604 2060 656 2121 uti
667 2080 770 2143 prope
786 2079 875 2124 novo
888 2058 1035 2143 quodam
1050 2066 1085 2123 et
1099 2059 1263 2123 inusitato

175 2165 195 2225 4
217 2185 338 2247 genere
366 2161 509 2226 dicendi.
557 2160 703 2239 Quodsi
730 2162 812 2225 mihi
827 2183 847 2225 a
863 2162 956 2228 vobis
985 2161 1089 2226 tribui
1114 2161 1263 2226 concedi-

218 2289 283 2350 que
311 2268 464 2342 seutiam,
480 2265 649 2349 perficiam
676 2265 894 2349 prolectant
919 2267 1009 2330 hunc
1033 2267 1076 2330 A.
1094 2266 1261 2331 Licinium

220 2393 286 2432 non
311 2369 409 2433 modo
433 2391 502 2433 non
528 2369 785 2455 segregandum,
802 2392 879 2434 cum
906 2371 951 2434 sit
978 2371 1071 2446 civis,
1088 2392 1107 2434 a
1123 2391 1260 2434 numero

166 2491 196 2535 ao
218 2476 354 2551 civium,
372 2474 616 2550 verumetiam,
632 2474 661 2538 si
681 2495 749 2539 non
766 2482 864 2551 esset,
881 2475 1008 2558 putetis
1030 2474 1260 2539 asciscendum

218 2578 334 2642 luisse.

261 2699 313 2744 111.
346 2680 441 2756 Nam,
453 2689 493 2745 ut
506 2682 652 2765 primum
668 2705 710 2747 ex
723 2683 835 2767 pueris
848 2684 992 2748 excessit
1002 2682 1144 2748 Archias
1160 2689 1259 2768 atque

217 2786 259 2850 ab
285 2783 326 2849 iis
357 2785 495 2862 artibus,
512 2785 635 2869 quibus
665 2795 756 2852 aetas
787 2787 925 2871 puerilis
952 2786 995 2850 ad
1021 2787 1260 2852 humanitatem

218 2890 388 2954 informari
414 2891 511 2966 solet,
527 2911 562 2954 se
586 2890 630 2954 ad
652 2891 821 2956 scribendi
848 2889 1001 2955 studium
1028 2893 1184 2968 contulit,
1200 2893 1261 2976 pri-

218 3017 308 3058 mum
347 2995 549 3059 Antiochiae
583 2997 678 3078 (nam
710 2996 755 3060 ibi
787 3003 887 3060 natus
927 3004 979 3060 est
1016 2995 1089 3061 loco
1126 2996 1258 3082 nobili),

178 3115 193 3159 5
216 3099 338 3163 celebri
369 3098 540 3182 quondam
570 3098 652 3163 urbe
679 3106 715 3163 et
741 3101 873 3184 copiosa
900 3108 1004 3185 atque
1029 3099 1259 3165 eruditissimis

218 3203 407 3266 hominibus
438 3203 747 3287 liberalissimisque
775 3203 898 3268 studiis
921 3203 1087 3281 affluenti,
1113 3204 1260 3269 celeriter

219 3307 420 3370 antecellere
455 3306 609 3370 omnibus
643 3307 771 3392 ingenii
805 3307 911 3393 gloria
945 3308 1066 3392 coepit.
1112 3307 1196 3372 Post
1225 3309 1259 3370 in

218 3411 336 3474 ceteris
368 3411 469 3475 Asiae
493 3410 645 3494 partibus
668 3417 858 3495 cunctaque
883 3411 1023 3476 Graecia
1045 3412 1093 3476 sic
1116 3411 1260 3476 eiusad-

217 3522 340 3578 ventus
378 3514 642 3591 celebrabantur,
666 3524 707 3580 ut
743 3515 867 3580 famam
903 3517 1030 3602 ingenii
1075 3517 1259 3600 expectatio

165 3635 193 3678 10
216 3619 372 3695 hominis,
396 3619 668 3703 expectationem
691 3621 797 3704 ipsius
825 3620 991 3686 adventus
1022 3620 1258 3705 admiratioque

177 3726 401 3808 5supe1aret.
461 3722 544 3786 Erat
573 3722 674 3786 Italia
697 3731 769 3787 tum
794 3724 893 3808 plena
917 3724 1121 3789 Graecarum
1143 3726 1259 3789 artium

218 3848 256 3892 ac
280 3828 545 3912 disciplinarum,
563 3825 745 3911 studiaque
769 3827 849 3891 haec
874 3829 959 3892 etin
976 3828 1073 3894 Latio
1090 3829 1258 3894 vehemen-
