2800 4367
195 346 237 413 54
505 359 576 409 222
600 357 629 409 n.
653 360 812 411 2222222
834 359 982 411 omno.

193 548 223 594 22
244 533 279 595 12
307 553 453 607 2222222,
478 538 595 595 ornata
617 532 651 594 in
678 532 851 614 provincia
881 532 1022 615 petisset
1044 530 1239 617 diligenter,
1266 542 1303 598 et
1375 509 1376 566 ¹

244 638 292 701 ita
316 636 464 720 petisset,
482 644 521 698 ut
545 656 653 719 neque
678 634 820 698 minanti
844 634 980 699 cederet
1003 657 1113 719 neque
1136 637 1300 721 cuiquam

244 741 436 813 minaretur,
454 738 530 801 buic
547 737 735 801 mirandum
750 748 803 801 est
825 760 947 823 magno
969 738 1164 803 adiumento
1181 740 1302 805 Catili-

245 866 305 907 nae
323 841 467 906 subitam
483 862 576 925 spem
593 842 787 905 consulatus
803 842 1010 925 adipiscendi
1026 842 1156 908 fuisse?

192 950 232 1014 54
288 946 318 1009 N
323 967 386 1009 unc
412 944 492 1009 mibi
523 946 643 1009 tertius
668 945 724 1009 ille
752 945 846 1010 12222
874 954 926 1011 est
953 947 1104 1031 reliquus
1132 949 1298 1013 orationis

192 1066 220 1109 22
242 1051 283 1115 (12
312 1050 456 1113 ambitus
484 1049 677 1114 criminibus
706 1058 930 1136 perpurgatus
961 1049 1004 1114 ab
1030 1051 1092 1126 1212,
1120 1052 1180 1136 qui
1217 1062 1297 1118 ante
1375 1101 1376 1138 ,

243 1178 294 1219 me
311 1154 481 1231 dixerunt,
498 1176 518 1217 a
538 1176 601 1231 mc,
619 1155 779 1238 quoniam
803 1156 852 1217 ita
875 1154 1020 1219 Murena
1036 1157 1156 1233 voluit,
1173 1165 1298 1223 retiac-
1375 1163 1376 1214 ἶ

242 1258 387 1335 tandus3
411 1280 479 1343 quo
504 1258 540 1321 12
564 1258 638 1323 1222
664 1256 703 1321 O.
729 1257 900 1335 Postume,
917 1259 1074 1323 familiari
1097 1254 1297 1337 meo,'nrna-
1375 1309 1376 1316 1

243 1364 372 1427 tissimo
397 1364 478 1438 viro,
506 1362 547 1427 (12
579 1361 765 1428 divisorum
796 1362 927 1427 indiciis
951 1364 1050 1429 etde
1075 1363 1296 1448 deprehensis
1375 1367 1376 1372 ’

242 1468 403 1552 pecuniis,
429 1466 636 1531 adulescenti
662 1468 837 1553 ingenioso
862 1475 897 1531 et
919 1467 1016 1543 bono,
1035 1467 1106 1533 Ser.
1130 1467 1315 1554 SulpiciO,

191 1587 220 1631 ao
242 1572 282 1636 de
299 1574 452 1655 eqiiitum
481 1572 652 1648 centuriis,
674 1571 722 1634 M.
747 1570 879 1648 Catoni,
903 1571 1030 1635 homini
1054 1574 1090 1635 in
1115 1576 1208 1637 omni
1230 1578 1296 1639 vir-

242 1684 315 1740 tute
340 1676 529 1752 excellenti,
547 1675 588 1740 de
616 1678 723 1762 ipsius
745 1677 968 1753 accusatione,
985 1675 1026 1740 de
1053 1685 1192 1741 senatus
1218 1701 1295 1743 con·
1375 1711 1376 1716 ¹

191 1784 229 1845 55
252 1780 352 1855 sulto,
374 1779 415 1843 de
444 1802 477 1844 re
511 1779 645 1863 publiea
670 1780 885 1865 respondebo.
932 1797 1051 1844 XXVII.
1083 1780 1152 1846 Sed
1173 1804 1293 1866 pauca,

243 1884 328 1967 quae
360 1905 467 1947 meum
502 1886 650 1948 animum
681 1893 819 1969 repente
850 1892 1039 1960 moverunt,
1067 1887 1160 1969 prius
1186 1887 1227 1952 (12
1252 1888 1292 1950 L.
1375 1931 1376 1934 κ

243 1989 405 2052 Μ222222
436 1987 574 2052 fortuna
597 2010 791 2073 conquerar.
839 1988 924 2051 Nam
950 2010 1027 2052 cum
1057 2010 1156 2073 saepe
1180 2000 1292 2067 antea,
1375 1971 1376 2010 ¹

242 2092 378 2169 ludione,
397 2115 439 2157 ex
463 2100 498 2157 et
521 2093 661 2155 aliorum
685 2094 826 2156 miseriis
849 2100 942 2157 etex
965 2094 1047 2157 meis
1063 2095 1153 2158 curis
1175 2095 1293 2159 labori·
1375 2117 1376 2174 ;

203 2197 369 2283 abusque
399 2197 575 2261 cotidianis
607 2195 796 2261 fortunatos
827 2219 884 2261 eos
914 2197 1064 2261 homines
1095 2197 1305 2276 iudicarem,
1375 2201 1376 2220 ¹

241 2304 300 2385 qui
325 2304 443 2366 remoti
474 2324 493 2365 a
524 2300 645 2365 studiis
676 2301 867 2365 ambitionis
894 2303 1002 2365 otium
1032 2323 1070 2365 ac
1102 2304 1295 2387 tranquilli·
1375 2327 1376 2330 ¹

241 2412 344 2470 tatem
372 2407 461 2470 vitae
485 2406 593 2469 secuti
616 2411 800 2480 scottum
823 2427 902 2469 vero
926 2406 960 2468 in
987 2405 1038 2469 1212
1062 2405 1100 2467 L.
1126 2406 1292 2472 Murenae
1375 2407 1376 2492 ¹

242 2511 343 2574 tantis
369 2518 504 2594 tamque
528 2509 718 2594 improvisis
743 2510 901 2593 periculis
932 2511 981 2573 ita
1003 2531 1078 2573 sum
1102 2512 1212 2575 animo
1236 2512 1294 2575 ad·

240 2612 358 2689 fectus,
378 2621 498 2677 utnon
521 2635 642 2698 queam
665 2616 747 2679 satis
770 2636 879 2698 neque
905 2635 1115 2678 communem
1139 2618 1291 2679 omnium
1375 2619 1376 2660 i

191 2732 218 2775 10
241 2724 393 2781 nostrum
430 2718 658 2783 condicionem
698 2742 806 2805 neque
844 2718 944 2783 huius
981 2726 1143 2783 eventum
1186 2719 1294 2784 iortu-
1375 2721 1376 2728 ’

241 2843 383 2907 namque
423 2823 592 2897 miserari3
633 2824 692 2906 qui
728 2825 883 2906 primum,
916 2822 997 2885 dum
1032 2844 1075 2885 ex
1107 2823 1291 2888 honoribus

241 2928 411 2990 continuis
429 2926 575 2991 familiae
595 2928 826 3009 maiorumque
851 2948 987 2991 suorum
1010 2928 1045 2988 12
1069 2926 1158 2991 12222
1178 2950 1294 2992 22222-

240 3030 317 3095 dere
334 3031 476 3117 gradum
499 3031 675 3117 dignitatis
692 3036 832 3094 conatus
848 3038 909 3104 est,
926 3030 1072 3094 venitin
1088 3032 1290 3109 periculum,

241 3156 281 3199 ne
309 3145 343 3200 et
369 3158 416 3212 22,
435 3157 520 3221 quae
548 3137 578 3199 21
605 3134 731 3208 relicta,
757 3140 792 3196 ct
816 3132 906 3206 haec,
923 3151 1010 3214 quae
1035 3128 1169 3211 abipso
1194 3144 1292 3216 parta
1344 3201 1346 3205 ,

190 3248 329 3315 222221,
361 3242 503 3315 amittat,
536 3236 655 3302 deinde
692 3242 829 3319 propter
858 3232 1008 3298 studium
1039 3251 1145 3296 novae
1177 3236 1289 3303 laudis

189 3344 340 3406 ucetiam
363 3345 397 3405 12
422 3344 544 3407 veteris
571 3340 726 3403 fortunae
753 3337 930 3401 discrimen
957 3334 1144 3400 adducitur.
1192 3340 1287 3419 Quae

241 3466 317 3508 cum
340 3452 421 3507 sunt
444 3446 568 3530 gravia,
585 3442 723 3518 iudices,
748 3448 821 3506 tum
843 3441 929 3505 illud
949 3441 1201 3508 acerbissimum
1224 3455 1285 3522 est,

240 3548 331 3631 quod
355 3546 456 3610 habet
478 3568 533 3609 eos
549 3554 769 3621 accusatores,
786 3567 853 3608 non
869 3547 927 3630 qui
943 3546 1019 3611 odio
1035 3548 1284 3613 inimicitiarum

240 3652 282 3713 ad
297 3651 533 3726 accusandum,
549 3650 609 3716 sed
632 3651 690 3737 qui
707 3650 820 3715 studio
836 3652 1012 3717 accusandi
1035 3651 1079 3715 ad
1094 3653 1284 3717 inimicitias

189 3770 217 3814 22
240 3754 482 3820 descenderint.
537 3755 622 3821 Nam
652 3764 692 3821 ut
722 3758 873 3821 omittam
903 3757 1056 3823 Servium
1087 3756 1283 3841 Sulpicium,

240 3880 340 3941 quem
370 3862 530 3947 intellego
561 3885 628 3927 non
659 3860 782 3926 iniuria
813 3862 849 3922 L.
875 3862 1044 3937 Murenae,
1068 3861 1129 3925 sed
1153 3861 1285 3925 honoris
