2800 4367
497 364 578 415 oar.
603 366 659 428 eo,
684 366 698 428 ς
723 365 811 418 11-11.
1138 356 1143 365 ’
1188 349 1228 416 37

128 535 205 600 buit
214 554 222 610 ;
247 534 336 600 vixit
350 535 393 599 ad
409 536 550 599 aliorum
566 535 750 611 arbitrium,
764 557 831 599 uon
847 535 889 599 ad
904 557 1014 600 suum.
1053 535 1179 622 Magna

127 639 202 703 laus
218 647 254 704 et
268 646 364 725 grata
379 639 569 703 hominibus
586 661 692 703 unum
708 640 875 704 hominem
900 639 1068 704 elaborare
1089 640 1125 702 in
1140 661 1179 704 ea
1215 656 1231 700 a

128 744 279 820 scientia,
301 764 387 827 quae
408 744 453 807 sit
471 743 588 807 multis
610 741 798 827 profutura.
845 742 939 821 Quid
962 742 1105 807 Murena
1128 743 1176 805 in-
1190 746 1231 809 20

128 848 243 912 terea?
287 846 484 912 Fortissimo
507 855 543 911 et
564 847 812 931 sapientissimo
828 848 911 923 viro,
927 868 1058 911 summo
1079 847 1179 931 impe·

128 954 229 1016 1atori
245 953 388 1039 legatus,
406 954 446 1017 L.
463 951 616 1029 Lucullo,
634 950 721 1027 fuit3
745 952 863 1037 quain
885 952 1054 1038 legatione
1078 951 1179 1016 duxit

128 1057 324 1133 exercitum,
355 1057 452 1143 signa
476 1056 632 1133 contulit,
664 1076 801 1119 manum
831 1056 1010 1132 conseruit,
1041 1077 1177 1141 magnas

128 1161 241 1244 copias
260 1161 409 1225 hostium
432 1160 535 1238 fudit,
552 1159 650 1225 urbes
675 1162 798 1245 partim
814 1162 858 1237 vi,
869 1160 991 1245 partim
1007 1158 1177 1224 obsidione

128 1265 227 1348 cepit,
263 1265 382 1329 Asiam
417 1266 516 1329 istam
555 1264 714 1330 refertam
752 1271 788 1329 et
824 1263 963 1329 eandem
1001 1263 1178 1327 delicatam
1201 1281 1229 1325 11

126 1370 175 1432 sic
207 1368 298 1445 obiit,
335 1376 375 1433 ut
405 1371 440 1432 in
475 1391 514 1435 ea
547 1391 658 1453 neque
689 1370 849 1434 avaritiae
882 1390 991 1453 neque
1022 1367 1176 1431 luxuriae

127 1474 309 1559 vestigium
334 1474 518 1558 reliquerit,
535 1475 681 1538 maximo
704 1475 740 1537 in
763 1473 851 1538 bello
874 1474 922 1536 sic
946 1479 999 1536 est
1015 1478 1176 1547 versatus,

127 1576 236 1641 uthic
260 1578 384 1641 multas
408 1600 459 1642 res
483 1585 518 1642 et
541 1599 677 1663 magnas
704 1580 775 1643 sine
801 1564 998 1662 imperatore
1024 1576 1176 1661 gesserit,

127 1682 258 1745 nullam
283 1683 354 1747 sine
385 1682 447 1747 hoo
475 1684 664 1768 imperator.
722 1683 839 1768 Atque
864 1682 945 1745 haec
972 1701 1200 1765 quamquam·

127 1792 301 1869 praesente
319 1786 357 1849 L.
375 1786 519 1851 Lucullo
534 1787 664 1871 loquor,
681 1794 795 1852 tamen
817 1809 858 1851 ne
882 1786 924 1850 ab
946 1787 1020 1871 ipso
1042 1792 1179 1871 propter
1200 1798 1229 1843 ao

124 1888 315 1973 periculum
341 1898 495 1955 nostrum
519 1912 711 1956 concessam
737 1889 912 1956 videamur
937 1890 1057 1956 habere
1079 1890 1178 1955 licen·

126 1995 210 2057 tiam
225 1994 384 2080 tingendi,
401 1993 544 2079 publicis
564 1996 686 2060 litteris
710 2002 835 2060 testata
856 2001 939 2059 sunt
961 1995 1082 2072 omnia,
1106 1994 1178 2079 qui-

127 2096 190 2161 bus
206 2098 244 2160 L.
261 2098 427 2163 Lucullus
445 2106 581 2164 tantum
597 2100 675 2165 huic
698 2099 809 2164 landis
833 2100 993 2185 impertit,
1011 2107 1177 2184 quantum

127 2222 237 2286 neque
268 2202 464 2267 ambitiosus
502 2204 682 2288 imperator
713 2226 823 2288 neque
855 2203 991 2269 invidus
1031 2201 1228 2267 tribuerem

127 2306 225 2370 alteri
255 2307 290 2368 in
321 2307 599 2373 communicanda
629 2308 737 2395 gloria
775 2308 901 2373 debuit.
963 2306 1101 2371 Summa
1137 2308 1173 2369 in
1189 2309 1226 2371 21

127 2418 273 2495 utroque
301 2419 353 2475 est
376 2412 543 2489 honestae,
569 2434 700 2476 summa
728 2412 894 2498 dignitas3
920 2432 1023 2496 quarn
1046 2432 1118 2497 ego,
1145 2411 1175 2474 si

127 2514 209 2577 mihi
226 2536 286 2599 per
307 2514 462 2581 Servium
485 2516 597 2593 liceat,
613 2538 727 2601 parem
752 2525 854 2601 atque
877 2517 913 2579 in
936 2515 1052 2581 eadem
1075 2514 1175 2579 laude

126 2640 260 2702 ponam.
306 2617 374 2684 Sed
405 2641 471 2683 non
495 2620 595 2696 lieet3
627 2622 735 2708 agitat
763 2642 833 2685 rem
858 2620 1048 2713 militarem,
1074 2620 1178 2683 insee-

126 2729 221 2786 tatur
245 2729 351 2787 totam
375 2724 461 2788 hanc
478 2724 692 2810 legationem,
709 2723 918 2789 assiduitatis
936 2731 973 2789 et
1001 2744 1176 2808 operarum

126 2826 247 2889 harum
271 2826 514 2891 cotidianarum
539 2835 639 2913 putat
665 2850 737 2893 esse
762 2829 986 2893 consulatum.
1049 2826 1177 2912 ‘Apud
1200 2841 1229 2886 so

126 2931 315 2995 exercitum
338 2931 420 2994 mihi
443 2930 570 3009 fueris,'
588 2933 711 3018 inquit,
737 2940 811 2997 ‘tot
834 2954 949 3009 annos,
975 2931 1086 2996 forum
1109 2954 1176 2997 uon

125 3036 300 3121 attigeris3
332 3035 457 3101 afueris
490 3044 557 3101 tam
590 3037 649 3101 diu
679 3045 724 3113 et,
756 3059 834 3102 cum
865 3038 967 3123 longo
997 3037 1176 3102 intervallo

126 3140 268 3216 veneris,
293 3161 371 3204 cum
393 3140 455 3216 his,
480 3142 540 3225 qui
568 3142 603 3203 iu
626 3140 699 3205 foro
722 3140 915 3218 habitarint,
938 3141 980 3206 de
1008 3141 1174 3227 dignitate

126 3242 359 3308 contendas?'
420 3243 574 3308 Primum
609 3246 674 3309 ista
705 3252 819 3310 nostra
850 3243 1040 3321 assiduitas,
1073 3243 1178 3320 Servi,

127 3347 235 3411 nescis
258 3355 425 3431 quantum
452 3347 624 3413 interdum
654 3348 786 3413 adferat
816 3348 1006 3413 hominibus
1037 3348 1176 3425 fastidii,
1199 3365 1228 3409 35

126 3458 294 3535 quantum
310 3452 485 3516 satietatis.
531 3452 618 3516 Mihi
642 3452 780 3538 quidem
796 3453 1011 3519 vehementer
1026 3452 1177 3537 expediit

126 3556 270 3639 positam
300 3556 336 3618 in
349 3556 454 3621 oculis
482 3576 553 3621 esse
584 3558 746 3643 gratiam3
784 3556 845 3622 sed
874 3565 987 3622 tamen
1017 3578 1080 3643 ego
1110 3557 1176 3621 mei

125 3660 318 3724 satietatem
355 3680 477 3747 magno
516 3682 590 3726 meo
629 3661 741 3726 labore
772 3662 929 3746 superavi
959 3668 995 3725 et
1024 3670 1063 3724 tu
1094 3661 1176 3725 item

125 3761 288 3840 fortasse3
312 3784 444 3853 ¹venun
475 3772 587 3830 tamen
616 3767 752 3850 utrique
790 3772 944 3829 nostrum
974 3764 1176 3828 desiderium
1198 3779 1228 3823 ae

126 3866 212 3931 nihil
242 3866 418 3934 obfuisset.
479 3868 548 3934 Sed
577 3878 616 3934 ut
646 3869 709 3933 hoo
740 3870 862 3933 omisso
901 3868 943 3932 ad
982 3868 1171 3933 studiorum
1186 3870 1228 3931 22
