2800 4367
125 344 164 408 10
386 360 526 408 oaa'no
550 360 589 409 ru
613 360 827 411 carrarum
851 360 978 409 rarus.

174 540 210 594 tu
236 538 274 593 ut
298 552 457 615 umquam
482 538 514 595 te
539 533 706 618 corrigas,.-
721 540 759 595 ιιι
784 540 824 596 ιιι
846 532 949 595 ullam
974 531 1091 616 fugam
1131 530 1261 595 medi-

173 642 252 709 tere,
270 642 309 697 tu
327 642 366 697 ut
382 635 491 697 ullum
507 635 646 699 exilium
672 637 822 721 cogites?
868 635 1008 699 Utinam
1033 633 1096 697 tibi
1130 635 1257 699 istam

175 746 320 801 mentem
351 738 385 801 di
418 739 610 803 inmortales
643 738 760 802 duint!
796 740 928 802 tametsi
953 737 1062 813 video,
1087 738 1120 801 si
1163 760 1257 802 mea

135 860 253 907 avoco
286 844 483 925 perterritus
514 845 561 907 ire
593 844 626 905 in
669 843 807 907 exilium
847 845 995 906 animum
1036 840 1253 919 induxerim

173 953 300 1029 quanta
316 954 495 1029 tempestas
513 946 659 1012 invidiae
687 945 792 1023 nobis,
809 948 837 1011 si
866 948 976 1010 minus
1001 948 1036 1008 in
1064 967 1252 1042 praesens

174 1062 306 1132 tempus
350 1051 474 1113 recenti
517 1052 675 1114 memoria
716 1051 881 1115 scelerum
924 1059 1071 1126 tuorum,
1112 1057 1154 1113 at
1205 1052 1248 1113 in

174 1154 400 1236 posteritatem
432 1153 634 1238 impendeat.
688 1153 755 1218 Sed
786 1162 838 1219 est
870 1155 967 1229 tanti,
999 1153 1080 1216 dum
1124 1153 1249 1217 modo

175 1260 238 1320 ista
264 1258 309 1320 sit
335 1258 466 1341 privata
493 1258 663 1323 calamitas
691 1267 727 1323 et
752 1280 772 1321 a
801 1259 849 1322 rei
881 1256 1033 1342 publicae
1065 1257 1245 1341 periculis

124 1377 152 1421 ro
174 1363 378 1445 seiungatur.
440 1360 508 1427 Sed
539 1370 576 1426 tu
609 1371 649 1426 ut
679 1362 770 1426 vitiis
808 1363 876 1426 tuis
912 1382 1152 1436 commoveare,
1194 1370 1245 1426 ut

175 1466 287 1550 legum
311 1487 433 1548 poenas
458 1468 680 1550 pertimescas
705 1475 745 1530 ut
768 1466 973 1551 temporibus
997 1466 1045 1529 rei
1068 1464 1239 1549 publicae

174 1569 281 1643 cedas,
298 1591 365 1631 non
382 1578 433 1633 est
457 1552 714 1653 postulandums
755 1570 873 1656 Neque
899 1571 988 1635 enim
1016 1571 1044 1633 is
1069 1590 1114 1643 es,
1133 1567 1238 1633 Cati-

175 1674 252 1748 lina,
270 1682 310 1736 ut
336 1682 368 1737 te
391 1682 452 1736 aut
474 1675 582 1758 pudor
598 1696 758 1760 umquam
774 1696 794 1738 a
810 1673 1020 1759 turpitudine
1037 1680 1097 1737 aut
1112 1680 1233 1739 metus

123 1780 194 1841 23a
224 1777 371 1861 periculo
402 1785 461 1841 aut
492 1780 576 1841 ratio
607 1802 626 1842 a
657 1778 770 1843 furore
802 1779 976 1844 revocarit.
1038 1775 1149 1855 Quam
1181 1777 1234 1843 ob

125 1897 152 1940 15
177 1903 254 1955 rem,
283 1889 323 1943 ut
349 1902 446 1964 saepe
475 1883 540 1945 iam
568 1881 650 1957 dixi,
679 1884 886 1967 proficiscere
917 1904 966 1959 ac,
994 1882 1023 1945 si
1050 1880 1131 1944 mihi
1163 1882 1230 1943 ini-

176 1986 269 2061 mico,
301 1992 341 2048 ut
371 1984 553 2068 praedicas,
586 1995 645 2050 tuo
676 1985 819 2050 conflare
848 1987 899 2050 vis
931 1985 1101 2061 invidiam,
1129 1992 1224 2049 recta

176 2110 274 2174 perge
292 2090 325 2151 in
350 2090 509 2163 exilium;
533 2091 591 2153 vix
616 2090 720 2153 feram
743 2112 911 2154 sermones
935 2089 1117 2165 hominum,
1135 2090 1162 2152 si
1186 2088 1221 2151 id

176 2193 304 2268 feceris
321 2194 380 2258 vix
404 2194 524 2258 molem
550 2194 646 2256 istius
670 2192 828 2269 invidiae,
846 2195 874 2257 si
900 2195 933 2256 in
959 2195 1101 2257 exilium
1126 2193 1221 2256 iussu
1283 2229 1285 2233 Α

175 2297 322 2361 consulis
353 2298 440 2372 ieris,
472 2296 655 2375 sustinebo
717 2296 775 2361 Sin
813 2305 925 2362 autem
962 2299 1087 2362 servire
1128 2318 1220 2360 meae

123 2417 154 2461 20
174 2399 266 2464 laudi
283 2407 317 2464 et
332 2401 455 2486 gloriae
484 2402 600 2476 mavis
618 2400 776 2487 egredere
804 2424 880 2466 cum
908 2404 1089 2487 inportuna
1119 2401 1219 2464 scele-

175 2513 323 2569 ratorum
341 2526 451 2580 manu,
469 2504 585 2569 confer
601 2514 633 2569 te
658 2504 700 2569 ad
725 2506 900 2582 Manlium,
918 2508 1050 2570 concita
1073 2504 1219 2589 perditos

175 2612 274 2685 nivea,
306 2631 440 2673 secerne
472 2618 505 2673 te
536 2632 555 2673 a
586 2610 689 2686 bonis,
723 2609 810 2674 infer
840 2611 966 2695 patriae
999 2609 1134 2685 bellum,
1166 2629 1220 2671 ex-

175 2715 265 2777 sulta
280 2714 383 2797 impio
399 2714 584 2788 latrocinio,
603 2722 642 2778 ut
668 2737 687 2777 a
711 2737 762 2778 me
788 2736 854 2777 non
881 2715 1009 2778 eiectus
1026 2711 1067 2774 ad
1085 2712 1220 2784 alienae,

123 2820 163 2884 24
175 2818 234 2881 sed
257 2818 420 2882 invitatus
444 2816 485 2880 ad
509 2825 585 2882 tuos
610 2820 674 2883 isse
698 2818 852 2883 videaris
901 2815 1113 2899 Quamquam
1139 2811 1221 2896 quid

123 2938 152 2982 25
175 2944 237 3007 ego
262 2928 295 2984 te
321 2922 508 2996 invitem,a
534 2943 601 3005 quo
626 2924 691 2985 iam
718 2923 819 2985 sciam
843 2941 914 2984 esse
939 2917 1145 3003 praemissos
1163 2913 1221 2998 qui

175 3025 236 3089 tibi
263 3024 305 3088 ad
337 3024 461 3088 Forum
492 3025 671 3090 Aurelium
700 3024 984 3108 praestolarentur
1011 3020 1139 3094 armati,
1167 3018 1221 3081 cui

175 3133 241 3193 iam
271 3131 372 3193 sciam
404 3138 533 3214 pactam
566 3136 602 3193 et
627 3128 847 3192 constitutam
869 3148 946 3189 cum
972 3125 1099 3188 Manlio
1124 3124 1221 3199 diem,

175 3256 194 3297 a
227 3256 294 3319 quo
334 3235 435 3299 etiam
475 3233 622 3317 aquilam
659 3231 750 3292 illam
791 3238 991 3315 argenteam,
1027 3250 1128 3313 quam
1162 3228 1222 3291 tibi

175 3361 212 3402 ac
256 3340 324 3402 tuis
363 3337 516 3401 omnibus
555 3334 686 3398 conlido
724 3334 941 3417 perniciosam
979 3356 1017 3397 ac
1055 3332 1223 3397 funestam

124 3443 334 3517 soluturam,
364 3443 417 3506 cui
450 3440 539 3503 domi
572 3446 648 3502 tuae
679 3439 860 3502 sacrarium
893 3440 1115 3503 constitutum
1146 3437 1222 3513 fuit

175 3547 276 3609 sciam
316 3568 387 3610 esse
428 3543 665 3629 praemissam?
725 3544 779 3606 Tu
823 3549 862 3606 ιιι
904 3544 960 3606 illa
1002 3564 1111 3606 carere
1154 3541 1223 3603 diu-

176 3652 243 3713 tius
279 3652 395 3735 possis,
428 3671 528 3733 quam
561 3649 712 3713 venerari
755 3647 797 3711 ad
839 3648 973 3712 caedem
1012 3637 1223 3731 proficiscens

176 3754 314 3829 solebas
347 3776 366 3816 a
396 3754 491 3817 cuius
523 3752 683 3817 altaribus
715 3775 812 3836 saepe
852 3754 949 3816 istam
981 3751 1115 3834 impiam
1147 3747 1224 3811 dex·
1253 3824 1258 3829 ⁸

125 3862 163 3921 25
181 3866 284 3919 teram
308 3857 347 3920 ad
373 3879 485 3921 necem
510 3859 634 3921 civium
657 3857 884 3921 transtulisti?
928 3872 963 3918 x.
997 3853 1065 3917 Ibis
1089 3850 1224 3915 tandem
1269 3888 1280 3910 .
