2800 4367
205 363 268 428 122
550 375 624 428 rao
646 374 677 429 r.
701 373 825 430 sunna
848 373 996 429 carno.

254 550 314 636 qui
351 549 484 626 adsunt,
522 549 684 626 laborant,
724 549 813 614 hunc
852 557 1042 636 patronum,
1079 549 1279 631 defensorem,

253 653 428 718 custodem
457 653 551 718 illius
582 654 732 720 coloniae
763 654 792 718 si
823 655 859 718 in
897 656 987 720 omni
1025 653 1162 720 fortuna
1191 665 1282 742 atque

249 759 340 822 omni
362 758 485 823 honore
513 757 715 822 incolumem
732 756 851 823 habere
876 780 944 822 non
967 765 1161 843 potuerunt,
1176 761 1207 824 iu
1225 761 1282 826 hoc

200 877 231 923 ao
251 871 364 928 tamen
394 883 485 939 casu,
509 884 578 947 quo
607 860 752 927 afflictus
785 863 881 940 iacet,
906 885 965 947 per
994 885 1054 929 vos
1086 864 1193 929 iuvari
1217 887 1286 930 con-

251 968 443 1053 servarique
476 967 628 1052 cupiunt.
674 966 815 1032 Adsunt
845 967 917 1052 pari
941 967 1055 1032 studio
1090 967 1285 1054 Pompeiani,

252 1073 312 1158 qui
341 1071 383 1137 ab
413 1073 619 1137 istis‘etiam
649 1071 684 1134 in
715 1072 838 1135 crimen
869 1080 1049 1148 vocantur3
1088 1073 1150 1157 qui
1180 1075 1222 1137 ita
1247 1074 1286 1138 de

250 1175 477 1240 ambulatione
501 1197 540 1240 ac
566 1175 608 1240 de
632 1173 805 1260 suffragiis
831 1176 901 1239 suis
926 1197 1003 1240 cum
1027 1176 1157 1241 colonis
1175 1177 1288 1242 dissen-

199 1281 378 1357 62serunt,
396 1288 435 1344 ut
450 1280 539 1346 idem
561 1279 603 1346 de
628 1280 797 1344 communi
821 1279 930 1344 salute
957 1281 1134 1345 sentirent.
1181 1281 1229 1347 Ac
1250 1305 1289 1348 ne

198 1399 228 1444 aa
250 1385 331 1449 haec
358 1385 496 1470 quidem
520 1385 559 1448 P.
585 1384 699 1450 Sullae
724 1383 805 1448 mihi
831 1384 967 1449 videtur
991 1386 1129 1450 silentio
1157 1394 1291 1471 praeter-

249 1487 360 1553 eunda
375 1511 447 1554 esse
460 1491 578 1566 virtus,
591 1489 693 1575 quod,
707 1511 784 1554 cum
796 1488 843 1554 'ab
857 1489 920 1554 hoc
936 1489 995 1553 illa
1010 1490 1142 1554 colonia
1155 1490 1291 1555 deducta

248 1594 303 1668 sit,
320 1601 355 1658 et
370 1616 447 1658 cum
462 1593 635 1658 commoda
651 1595 846 1658 colonorum
865 1615 885 1658 a
899 1592 1054 1668 ,fortunis
1079 1593 1292 1680 Pompeiane

249 1717 323 1758 rum
339 1697 386 1760 rei
401 1696 555 1781 publicae
571 1695 709 1761 fortuna
735 1695 931 1774 diiunxerit,
949 1698 996 1761 ita
1020 1718 1118 1763 carus
1142 1700 1291 1784 utrisque

248 1808 301 1864 est
330 1808 431 1885 atque
462 1800 640 1879 iucundus,
672 1808 712 1866 ut
742 1822 809 1865 non
848 1802 970 1867 alteros
1007 1801 1207 1881 demovisse,
1237 1802 1295 1869 sed

161 1943 167 1952 .
196 1918 226 1964 eo
248 1912 408 1990 utrosque
424 1906 636 1970 constituisse
653 1905 817 1971 videatur.

291 2027 382 2074 xxn.
417 2010 467 2075 At
482 2011 571 2074 enim
587 2017 622 2075 et
637 2001 840 2096 gladiatores
865 2018 900 2076 et
923 2012 1031 2076 omnis
1056 2013 1122 2076 ista
1139 2013 1190 2078 vis
1205 2035 1296 2100 roga·

247 2114 347 2177 tionis
376 2113 539 2178 Caeciliae
562 2136 662 2179 causa
686 2115 949 2201 comparabatur.
996 2117 1113 2201 Atque
1137 2117 1199 2182 hoc
1223 2118 1294 2182 loco

246 2219 282 2281 in
313 2217 351 2281 L.
377 2218 573 2296 Caecilium,
598 2219 883 2304 pudentissimum
912 2229 1014 2306 atque
1045 2222 1296 2286 ornatissimum

247 2324 367 2400 virum,
386 2324 599 2387 vehementer
615 2323 770 2388 invectus
787 2333 848 2388 est.
895 2323 1001 2389 Cuius
1023 2347 1085 2410 ego
1109 2324 1150 2389 de
1168 2327 1294 2391 virtute

208 2443 224 2488 o
246 2436 282 2493 et
303 2429 500 2505 constantia,
517 2419 804 2505 iudices'tantum
829 2428 913 2505 dico,
932 2431 1033 2493 talem
1057 2430 1147 2494 hunc
1173 2431 1208 2493 in
1234 2433 1297 2496 ista

246 2534 429 2618 rogatione,
453 2554 553 2618 quam
579 2534 810 2619 promulgarat
833 2555 900 2597 non
926 2534 966 2598 de
996 2533 1155 2612 tollenda,
1171 2535 1232 2600 sed
1246 2536 1295 2600 de

246 2635 388 2701 levanda
418 2638 606 2701 calamitate
645 2635 758 2701 fratris
797 2639 860 2714 sui,
894 2637 1007 2715 fuisse,
1040 2647 1079 2703 ut
1117 2642 1294 2705 consulere

246 2740 391 2805 voluerit
415 2740 520 2816 fratri,
537 2763 613 2806 cum
639 2763 672 2806 re
699 2742 833 2827 publica
857 2744 1198 2829 pugnare'noluerit3
1223 2768 1295 2830 pro

246 2845 406 2931 mulgarit
442 2846 596 2930 inpulsus
632 2867 743 2910 amore
779 2845 936 2924 fraterno,
969 2847 1139 2913 destiterit
1178 2847 1292 2914 fratris

194 2951 444 3014 &auctoritate
472 2949 650 3014 deductus.
697 2951 813 3036 Atque
841 2952 876 3013 in
903 2973 942 3015 ea
969 2974 1003 3017 re
1032 2975 1091 3038 per
1119 2952 1156 3016 L.
1181 2953 1294 3018 Caeci-

194 3070 221 3112 11
244 3052 327 3116 lium
344 3053 438 3117 Sulla
453 3062 637 3130 accusatur,
655 3055 688 3117 in
706 3076 773 3139 qua
790 3077 823 3119 re
847 3065 899 3120 est
924 3064 1066 3140 uterque
1093 3056 1291 3133 laudandus,

244 3159 389 3243 primum
415 3157 593 3234 Caecilius
620 3159 679 3242 qui
707 3160 736 3223 si
761 3158 796 3222 id
820 3161 1056 3246 promulgavit,
1084 3160 1117 3223 in
1146 3183 1214 3246 quo
1236 3183 1290 3225 res

244 3262 408 3326 iudicatas
425 3260 580 3326 videatur
603 3263 750 3326 voluisse
775 3262 974 3340 rescindere,
992 3270 1031 3327 ut
1057 3264 1291 3328 restitueretur

245 3364 348 3441 Sulla,
361 3372 449 3429 recte
467 3364 698 3449 reprehendis3
723 3374 832 3430 status
849 3368 938 3431 enim
955 3368 1002 3432 rei
1020 3367 1171 3452 publicae
1189 3369 1290 3432 maxi-

193 3484 221 3529 1⁵
243 3474 295 3533 1'ne
320 3469 475 3533 indicatis
500 3468 598 3534 rebus
621 3471 832 3545 continetur3
859 3493 968 3556 neque
991 3493 1053 3558 ego
1076 3480 1207 3536 tantum
1229 3472 1289 3536 fra-

243 3580 339 3637 terno
362 3574 465 3636 amori
488 3572 636 3637 dandum
658 3575 809 3652 arbitror,
827 3584 867 3639 nt
882 3578 1072 3660 quisquam,
1089 3575 1170 3660 dum
1186 3576 1287 3640 saluti

221 3699 379 3741 suorum
411 3678 574 3752 consulat,
600 3700 809 3744 communem
836 3681 1015 3764 relinquat.
1064 3681 1113 3744 At
1139 3681 1223 3743 nihil
1246 3679 1285 3742 de

244 3781 366 3845 iudicio
398 3780 535 3856 ferebat,
565 3781 626 3845 sed
658 3805 796 3867 poenam
829 3783 972 3848 ambitus
1004 3805 1077 3846 eam
1115 3781 1284 3857 referebat,

243 3908 329 3968 quae
368 3885 480 3948 luerat
516 3906 623 3966 nuper
660 3885 887 3967 superioribus
925 3887 1057 3970 legibus
1095 3887 1283 3951 constituta.
