2800 4367
206 352 269 419 214
545 365 618 416 rao
641 367 672 416 Ρ.
694 365 820 416 snsrro
843 364 992 416 onemo.

202 542 244 604 84
299 554 434 602 xxxlx.
467 537 810 621 ‘Homirres,’i1rquit,
829 535 1135 621 ‘emistieoiigisti
1156 534 1301 619 parasti?

257 641 350 723 Quid
365 642 417 704 uti
433 640 582 706 faceret?
604 649 756 704 senatum
781 639 962 726 opsideret,
984 639 1067 704 civis
1090 638 1302 703 indemnatos

256 746 449 831 expelleret,
466 745 553 809 bona
568 744 738 829 diriperet,
753 745 843 808 aedis
860 743 1063 821 incenderet,
1075 749 1166 808 tecta
1181 741 1305 807 distur-

255 851 359 926 baret,
388 849 513 934 templa
543 847 681 912 deorum
716 849 954 912 immortalium
985 847 1218 926 inflammaret,
1250 846 1306 910 tri·

216 953 360 1018 obunos
387 954 433 1038 pl.
460 952 549 1018 ferro
574 975 592 1016 e
618 953 735 1016 rostris
767 953 961 1037 expelleret,
992 954 1190 1037 provincias,
1220 973 1305 1038 quas

256 1058 369 1133 vellet,
386 1057 509 1142 quibus
531 1057 645 1133 vellet,
669 1056 841 1133 venderet,
863 1075 957 1143 reges
981 1058 1173 1142 appellaret,
1191 1079 1304 1122 rerum

255 1162 448 1246 capitalium
464 1161 701 1226 condemnatos
718 1161 753 1224 in
769 1160 891 1225 liberas
915 1162 1068 1225 civitates
1091 1183 1151 1245 per
1173 1161 1305 1246 legatos

254 1274 387 1330 nostros
414 1265 597 1342 reduceret,
625 1265 808 1350 principem
836 1265 983 1330 civitatis
999 1265 1103 1330 ·ferrc
1130 1285 1305 1349 opsessum

256 1370 409 1434 teneret?
455 1370 548 1434 Haec
566 1377 606 1433 ut
621 1367 750 1434 efficere
774 1376 895 1453 posset,
912 1391 999 1454 quae
1022 1369 1093 1433 fieri
1117 1369 1181 1432 nisi
1204 1369 1306 1432 armis

202 1489 232 1533 10
253 1494 410 1558 oppressa
425 1496 458 1537 re
474 1473 608 1557 publica
623 1473 719 1536 nullo
736 1471 835 1536 modo
857 1481 1022 1557 poterant,
1039 1472 1173 1550 idcirce,
1192 1472 1305 1548 credo,

254 1597 388 1638 manum
405 1574 466 1638 sibi
484 1575 522 1664 P.
540 1574 669 1639 Sestius
685 1581 722 1638 et
739 1575 850 1659 copias
874 1575 1087 1660 comparavit.
1136 1574 1210 1639 ‘At
1226 1596 1307 1638 non-

255 1679 335 1742 dum
366 1687 437 1744 erat
468 1686 647 1755 maturum,
672 1677 821 1742 nondum
849 1664 901 1744 res
932 1680 1004 1764 ipsa
1035 1677 1077 1742 ed
1108 1679 1179 1742 eius
1214 1677 1306 1742 modi

256 1784 419 1868 praesidia
444 1785 532 1849 viros
556 1782 661 1847 bonos
687 1782 930 1868 compellebat'
976 1783 1072 1847 Pulsi
1093 1804 1153 1847 nos
1170 1804 1305 1847 eramus

255 1909 321 1951 non
345 1889 480 1951 omnino
503 1889 569 1950 ista
591 1909 692 1951 manu
717 1888 797 1963 sola,
813 1887 873 1952 sed
898 1871 1008 1952 tamen
1032 1909 1099 1951 non
1122 1887 1196 1952 sine
1220 1889 1306 1963 ista3

201 1995 241 2057 85
254 2013 312 2056 vos
339 1993 432 2056 taciti
460 1990 666 2056 maerebatis.
713 1991 861 2076 Captum
884 2000 957 2056 erat
971 1991 1081 2056 forum
1097 2013 1185 2055 anno
1210 2013 1307 2076 supe-

202 2111 231 2154 16
253 2097 337 2160 ricre
364 2095 445 2160 aede
474 2096 622 2160 Castoris
652 2103 823 2180 tamquam
850 2117 925 2161 aree
953 2097 1067 2181 aliqua
1096 2118 1115 2159 a
1145 2095 1305 2182 fugitivis
1363 2107 1364 2114 ³

254 2207 433 2284 occupata3
472 2199 640 2265 silebatur.
689 2199 813 2264 Omnia
844 2201 1017 2265 bominum
1045 2221 1121 2265 oum
1153 2208 1305 2286 egestate

254 2313 327 2367 tum
354 2304 493 2368 audacia
519 2304 726 2389 perditorum
753 2304 906 2382 clamore,
931 2326 1105 2380 concursu,
1130 2304 1174 2379 vi,
1200 2325 1306 2368 manu

254 2408 474 2501 gerebantur3
510 2408 738 2493 perferebatis.
785 2409 1005 2496 Magistratus
1036 2408 1171 2492 templis
1203 2409 1306 2492 pelle·

200 2529 230 2573 ao
252 2513 384 2588 bantur,
400 2513 456 2578 alii
473 2515 608 2577 omnino
624 2514 719 2577 aditu
742 2535 779 2578 ac
804 2513 876 2580 foro
899 2513 1179 2598 prohibebantur;
1203 2534 1305 2577 nemo
1362 2533 1363 2544 ¹

254 2617 437 2682 resistebat.
483 2617 694 2683 Gladiatores
711 2640 752 2682 ex
765 2620 927 2703 praetoris
940 2620 1102 2683 comitatu
1114 2620 1304 2702 conprensi,

253 2723 289 2784 in
303 2731 457 2786 senatum
487 2721 683 2798 introducti,
716 2721 869 2799 confessi,
900 2725 935 2785 in
967 2723 1079 2788 vincla
1108 2723 1254 2786 coniecti
1285 2745 1304 2785 a

254 2825 391 2902 Milone,
416 2827 528 2890 emissi
554 2847 574 2889 a
597 2825 757 2900 Serrano;
782 2828 908 2890 mentio
932 2828 1035 2891 nulla.
1083 2827 1207 2890 Forum
1234 2849 1305 2891 cor-

252 2930 387 3015 poribus
405 2931 527 2995 civium
542 2930 768 2994 Romanorum
783 2937 988 2994 constratum
1003 2930 1102 2995 caede
1115 2938 1302 3004 nocturna-3

199 3047 228 3092 25
250 3055 318 3097 non
341 3034 439 3098 modo
456 3035 549 3097 nulla
565 3056 653 3099 nova
668 3035 829 3119 quaestio,
847 3034 1022 3100 sedetiam
1039 3041 1154 3100 vetera
1176 3034 1302 3098 iudicia

252 3136 394 3202 sublata.
441 3138 630 3202 Tribunum
646 3139 691 3222 pl.
709 3140 785 3223 plus
802 3139 924 3224 viginti
941 3136 1138 3203 vulneribus
1153 3139 1302 3222 acceptis

252 3241 415 3305 iacentem
431 3242 734 3327 moribundumque
758 3241 906 3318 vidistis;
930 3242 1067 3306 alterius
1092 3240 1218 3305 tribuni
1240 3241 1300 3325 pl,

252 3345 395 3409 hominis
413 3344 540 3429 (dicam
555 3348 654 3423 enim,
671 3346 764 3431 quod
780 3347 898 3423 senti0,
916 3353 951 3410 et
967 3345 1059 3431 quod
1075 3367 1206 3410 mecum
1228 3366 1302 3409 sen-

250 3451 344 3514 tiunt
370 3452 504 3534 omnes)
531 3451 647 3527 divini,
677 3452 800 3538 insigni
833 3449 987 3535 quadarn,
1018 3448 1181 3527 inaudita,
1212 3470 1301 3515 nova

199 3571 230 3617 ao
250 3554 482 3640 magnitudine
505 3555 617 3630 animi,
641 3556 816 3639 gravitate,
833 3554 897 3618 fide
925 3553 1077 3638 praediti,
1105 3553 1225 3617 domus‘
1246 3561 1301 3617 est

199 3664 239 3726 86
252 3666 446 3745 oppugnata
460 3657 557 3735 ferro,
571 3658 709 3734 facibus,
722 3658 872 3722 exercitu
890 3657 1063 3721 Clodiano.
1109 3674 1168 3720 XL.
1201 3657 1247 3720 Et
1259 3664 1299 3720 tu

252 3763 314 3827 hoc
338 3763 411 3827 loco
434 3763 550 3826 laudas
578 3762 739 3825 Milonem
764 3770 799 3825 et
821 3762 892 3825 iure
908 3761 1036 3826 laudas.
1083 3760 1195 3840 Quem
1210 3761 1299 3824 enim

253 3887 415 3950 umquam
445 3867 554 3931 virum
585 3872 653 3928 tam
682 3865 863 3928 immortali
890 3865 1017 3930 virtute
1044 3865 1215 3930 vidimus?
1239 3865 1299 3950 qui
