2800 4367
444 367 526 419 cnr.
550 370 639 430 rara,
663 370 678 430 s
699 367 805 420 cen.»
1130 357 1193 422 125

75 539 184 626 cogit
215 540 343 604 animos
373 546 571 624 mentesque
602 545 808 605 convertere.
855 555 945 603 xxv.
978 537 1143 607 Omnibus

75 644 118 706 in
137 643 254 722 rebus,
271 644 408 722 iudices,
425 666 513 730 quae
534 645 705 730 graviores
726 644 934 728 maioresque
953 652 1043 720 sunt,
1060 645 1144 729 quid

76 749 239 834 quisque
262 750 419 826 voluerit,
441 748 609 835 cogitarit,
634 748 816 825 admiserit,
834 770 902 812 nou
925 769 967 812 ex
991 749 1141 827 crimine,

76 851 148 915 sed
172 874 218 917 ex
241 852 388 918 moribus
411 854 492 929 eius,
517 853 578 937 qui
609 853 773 938 arguitur,
805 861 857 917 est
879 851 1141 937 ponderandum.

78 955 214 1042 Neque
249 957 338 1021 enirn
373 964 486 1041 potest
517 958 697 1041 quisquam
728 963 882 1020 nostrum
917 955 1030 1020 subito
1061 957 1142 1044 fingi
1178 975 1194 1021 o

79 1081 203 1144 neque
227 1060 427 1145 cuiusquam
449 1068 587 1144 repente
605 1061 675 1125 vita
698 1061 822 1124 mutari
844 1067 904 1124 aut
926 1068 1047 1124 natura
1069 1083 1144 1126 con·

79 1165 191 1228 verti.
251 1163 507 1248 circumspicite
538 1165 709 1248 paulisper
739 1163 907 1228 mentibus
938 1164 1068 1241 vestris,
1100 1173 1139 1229 ut
1155 1169 1195 1231 70

81 1267 154 1330 alia
178 1268 365 1343 mittamus,
390 1267 489 1332 hosce
521 1269 610 1352 ipsos
641 1267 801 1344 homines,
827 1269 885 1351 qui
908 1266 988 1332 huic
1015 1267 1141 1333 adfines

81 1371 211 1436 sceleri
242 1370 391 1436 fuerunt.
439 1371 587 1436 Catilina
616 1381 732 1436 contra
763 1393 832 1436 rem
870 1371 1038 1456 publicam
1068 1394 1144 1436 oon·

81 1476 226 1540 iuravit.
280 1475 387 1541 Cuius
417 1498 514 1542 aures
545 1498 707 1561 umquam
737 1477 818 1541 haec
849 1485 1060 1560 respuerunt,
1091 1499 1143 1542 co
1165 1493 1195 1539 10

82 1588 211 1645 natum
238 1603 311 1646 esse
338 1581 498 1646 audacter
527 1581 696 1646 hominem
720 1603 739 1644 a
762 1581 907 1664 pueritia
930 1602 997 1645 uon
1029 1583 1139 1646 solum

82 1685 350 1769 intemperantia
380 1693 416 1750 et
444 1687 579 1763 scelere,
610 1685 671 1751 sed
700 1686 802 1750 etiam
832 1685 1076 1751 consuetudine
1107 1695 1142 1752 et

82 1790 204 1854 studio
226 1791 263 1854 in
285 1792 376 1854 omni
392 1789 530 1878 flagitio,
547 1800 675 1876 stupro,
691 1791 791 1855 caede
815 1791 1010 1856 versatum?
1055 1790 1140 1870 Quis

83 1917 166 1959 eum
190 1902 308 1959 contra
330 1897 473 1980 patriam
495 1904 703 1981 pugnantem
728 1896 850 1978 perisse
874 1895 1023 1971 miratur,
1040 1918 1141 1980 quem

83 2021 223 2083 semper
237 2021 352 2063 omnes
368 1999 410 2063 ad
427 2000 527 2065 civile
544 1999 759 2063 latrocinium
775 2006 891 2062 natum
913 2002 1141 2082 putaverunt?
1164 2017 1192 2063 rs

85 2103 176 2182 Quis
201 2102 341 2168 Lentuli
364 2105 542 2168 societates
566 2124 644 2168 cum
674 2102 852 2178 indicibus,
878 2103 953 2186 quis
977 2103 1141 2167 insaniam

84 2207 279 2284 libidinum,
311 2205 389 2291 quis
420 2229 612 2292 perversam
642 2216 746 2292 atque
777 2203 1141 2294 impiam'religionem

84 2311 295 2388 recordatur,
320 2312 379 2396 qui
402 2313 499 2376 illum
522 2320 583 2376 aut
612 2311 740 2377 nefarie
764 2312 929 2398 cogitasse
952 2319 1013 2376 aut
1034 2311 1139 2377 stulte

84 2437 239 2502 sperasse
269 2417 435 2481 miretur?
481 2416 566 2496 Quis
590 2416 632 2481 de
656 2416 695 2480 C.
713 2415 865 2502 Cethego
885 2422 987 2500 atque
1009 2417 1082 2481 eius
1104 2417 1140 2480 in

86 2520 291 2606 Hispaniam
313 2520 522 2605 profectione
545 2542 583 2585 ac
614 2520 655 2585 de
685 2521 826 2585 vulnere
858 2518 899 2599 Q.
924 2519 1056 2584 Metelli
1086 2519 1140 2583 Pii
1161 2535 1193 2582 au

85 2628 225 2712 cogitat,
257 2627 313 2690 cui
344 2647 412 2690 non
442 2625 485 2689 ad
507 2625 600 2689 illius
631 2647 773 2709 poenam
801 2646 913 2689 carcer
943 2624 1139 2690 aedificat-us

86 2752 157 2795 esse
198 2730 383 2796 videatur?
439 2729 571 2794 Omitto
606 2737 744 2805 ceteros,
781 2750 823 2794 ne
864 2730 910 2793 sit
947 2729 1136 2805 infinitum3
1154 2734 1190 2796 71

86 2842 221 2899 tantum
245 2855 265 2898 a
288 2833 384 2899 vobis
406 2842 496 2918 peto,
520 2840 561 2897 ut
583 2834 676 2897 taciti
701 2831 743 2897 de
767 2832 931 2909 omnibus,
956 2855 1041 2918 quos
1064 2855 1139 2898 con·

87 2939 213 3003 iurasse
252 2939 427 3024 cognitum
465 2945 527 3014 est,
566 2938 743 3024 cogitetis3
789 2938 994 3023 intellegetis
1033 2960 1139 3001 unum

89 3064 257 3132 quemque
282 3063 397 3107 corum
429 3043 521 3127 prius
552 3042 595 3106 ab
624 3063 685 3106 sua
709 3042 780 3106 vita
803 3063 905 3126 quam
935 3049 1047 3107 vestra
1069 3064 1139 3107 sus·
1160 3058 1190 3104 25

89 3147 218 3230 picione
257 3169 330 3212 esse
372 3146 576 3210 damnatum.
633 3146 750 3230 Ipsum
786 3146 883 3208 illum
918 3145 1135 3224 Autronium,

91 3252 248 3334 quoniam
273 3252 345 3316 eius
370 3272 492 3316 nomen
515 3250 695 3313 finitimum
712 3251 854 3315 maxime
871 3256 923 3314 est
938 3250 1038 3315 huius
1055 3252 1139 3335 peri·

92 3355 166 3418 culo
197 3363 233 3420 et
271 3355 413 3431 crimini,
446 3375 513 3418 non
544 3375 605 3418 sua
636 3354 707 3418 vita
737 3374 775 3417 ac
813 3361 933 3418 natura
969 3354 1139 3418 convicit?

92 3456 227 3544 Semper
249 3458 372 3534 audax,
396 3459 563 3543 petulans,
589 3456 789 3521 libidinosus
801 3481 809 3532 ;
834 3479 934 3542 quem
956 3458 989 3520 iu
1010 3466 1140 3542 stupro·

93 3582 164 3624 rum
187 3561 440 3627 defensionibus
463 3584 531 3626 non
554 3562 664 3626 solum
688 3561 799 3626 verbis
818 3562 870 3623 uti
886 3560 1138 3645 improbissimis
1161 3575 1192 3622 so

94 3665 226 3730 solitum
248 3688 322 3732 esse
345 3668 479 3742 scimus,
505 3687 621 3731 verum
645 3667 747 3730 etism
770 3666 892 3751 pugnis
916 3673 951 3729 et
980 3665 1137 3742 calcibus,

96 3789 191 3852 quem
220 3770 400 3835 exturbare
432 3769 583 3833 homines
614 3791 655 3833 ex
694 3769 970 3853 possessionibus,
1003 3770 1138 3834 caedem

96 3869 199 3940 facere
222 3876 421 3952 vicinorum,
444 3875 586 3961 spoliare
617 3872 697 3936 fana
719 3873 896 3950 sociorum,
921 3873 956 3938 vi
980 3882 1015 3939 et
1036 3875 1137 3939 armis
