<?xml version="1.0" encoding="UTF-8"?>
<!DOCTYPE html PUBLIC "-//W3C//DTD XHTML 1.0 Transitional//EN"
    "http://www.w3.org/TR/xhtml1/DTD/xhtml1-transitional.dtd">
<html xmlns="http://www.w3.org/1999/xhtml" xml:lang="en" lang="en">
 <head>
  <title>
</title>
<meta http-equiv="Content-Type" content="text/html;charset=utf-8" />
  <meta name='ocr-system' content='tesseract 3.04.00' />
  <meta name='ocr-capabilities' content='ocr_page ocr_carea ocr_par ocr_line ocrx_word'/>
</head>
<body>
  <div class='ocr_page' id='page_1' title='image "./selectedoration01cicegoog_0299.png"; bbox 0 0 2800 4367; ppageno 0'>
   <div class='ocr_carea' id='block_1_1' title="bbox 391 331 1190 412">
    <p class='ocr_par' dir='ltr' id='par_1_1' title="bbox 391 331 1190 412">
     <span class='ocr_line' id='line_1_1' title="bbox 391 331 1190 412; baseline 0.008 -13"><span class='ocrx_word' id='word_1_1' title='bbox 391 363 397 374; x_wconf 88' lang='lat'><strong>·</strong></span> <span class='ocrx_word' id='word_1_2' title='bbox 462 346 542 402; x_wconf 69' lang='lat' dir='ltr'>cer.</span> <span class='ocrx_word' id='word_1_3' title='bbox 566 346 785 412; x_wconf 70' lang='lat' dir='ltr'>e1o,taaro.</span> <span class='ocrx_word' id='word_1_4' title='bbox 1128 331 1190 406; x_wconf 74' lang='grc'>297</span> 
     </span>
    </p>
   </div>
   <div class='ocr_carea' id='block_1_2' title="bbox 59 519 1191 3951">
    <p class='ocr_par' dir='ltr' id='par_1_2' title="bbox 59 519 1191 3951">
     <span class='ocr_line' id='line_1_2' title="bbox 122 519 1191 609; baseline 0.006 -23"><span class='ocrx_word' id='word_1_5' title='bbox 122 538 155 586; x_wconf 85' lang='lat' dir='ltr'>x.</span> <span class='ocrx_word' id='word_1_6' title='bbox 188 519 287 586; x_wconf 86' lang='lat' dir='ltr'>Satis</span> <span class='ocrx_word' id='word_1_7' title='bbox 305 521 390 585; x_wconf 89' lang='lat' dir='ltr'>mihi</span> <span class='ocrx_word' id='word_1_8' title='bbox 407 522 515 586; x_wconf 89' lang='lat' dir='ltr'>multa</span> <span class='ocrx_word' id='word_1_9' title='bbox 530 523 631 588; x_wconf 85' lang='lat' dir='ltr'>verba</span> <span class='ocrx_word' id='word_1_10' title='bbox 653 521 772 589; x_wconf 84' lang='lat' dir='ltr'>fecisse</span> <span class='ocrx_word' id='word_1_11' title='bbox 789 523 913 600; x_wconf 79' lang='lat' dir='ltr'>videor,</span> <span class='ocrx_word' id='word_1_12' title='bbox 932 543 1035 609; x_wconf 84' lang='lat' dir='ltr'>quare</span> <span class='ocrx_word' id='word_1_13' title='bbox 1052 529 1191 592; x_wconf 79' lang='lat' dir='ltr'>essetar</span> 
     </span>
     <span class='ocr_line' id='line_1_3' title="bbox 80 628 1137 716; baseline 0.005 -26"><span class='ocrx_word' id='word_1_14' title='bbox 80 629 137 692; x_wconf 87' lang='lat' dir='ltr'>hoc</span> <span class='ocrx_word' id='word_1_15' title='bbox 178 628 317 692; x_wconf 88' lang='lat' dir='ltr'>bellurn</span> <span class='ocrx_word' id='word_1_16' title='bbox 357 649 481 712; x_wconf 78' lang='lat' dir='ltr'>genere</span> <span class='ocrx_word' id='word_1_17' title='bbox 520 630 591 714; x_wconf 91' lang='lat' dir='ltr'>ipso</span> <span class='ocrx_word' id='word_1_18' title='bbox 629 629 864 706; x_wconf 86' lang='lat' dir='ltr'>necessarium,</span> <span class='ocrx_word' id='word_1_19' title='bbox 905 630 1137 716; x_wconf 86' lang='lat' dir='ltr'>magnitudine</span> 
     </span>
     <span class='ocr_line' id='line_1_4' title="bbox 79 732 1137 817; baseline 0.005 -22"><span class='ocrx_word' id='word_1_20' title='bbox 79 734 339 816; x_wconf 69' lang='lat' dir='ltr'>periculosum</span> <span class='ocrx_word' id='word_1_21' title='bbox 373 741 488 806; x_wconf 86' lang='lat' dir='ltr'>restat,</span> <span class='ocrx_word' id='word_1_22' title='bbox 519 742 559 798; x_wconf 91' lang='lat' dir='ltr'>ut</span> <span class='ocrx_word' id='word_1_23' title='bbox 585 733 627 798; x_wconf 91' lang='lat' dir='ltr'>de</span> <span class='ocrx_word' id='word_1_24' title='bbox 654 734 852 817; x_wconf 81' lang='lat' dir='ltr'>imperatore</span> <span class='ocrx_word' id='word_1_25' title='bbox 880 732 923 798; x_wconf 85' lang='lat' dir='ltr'>ed</span> <span class='ocrx_word' id='word_1_26' title='bbox 954 733 989 798; x_wconf 93' lang='lat' dir='ltr'>id</span> <span class='ocrx_word' id='word_1_27' title='bbox 1012 734 1137 800; x_wconf 89' lang='lat' dir='ltr'>bellum</span> 
     </span>
     <span class='ocr_line' id='line_1_5' title="bbox 77 836 1137 924; baseline 0.006 -24"><span class='ocrx_word' id='word_1_28' title='bbox 77 837 265 924; x_wconf 82' lang='lat' dir='ltr'>deligendo</span> <span class='ocrx_word' id='word_1_29' title='bbox 292 858 335 900; x_wconf 86' lang='lat' dir='ltr'>ac</span> <span class='ocrx_word' id='word_1_30' title='bbox 361 838 466 901; x_wconf 85' lang='lat' dir='ltr'>tantis</span> <span class='ocrx_word' id='word_1_31' title='bbox 491 837 588 903; x_wconf 87' lang='lat' dir='ltr'>rebus</span> <span class='ocrx_word' id='word_1_32' title='bbox 614 837 835 923; x_wconf 87' lang='lat' dir='ltr'>praeficiendo</span> <span class='ocrx_word' id='word_1_33' title='bbox 862 836 1041 903; x_wconf 88' lang='lat' dir='ltr'>dicendum</span> <span class='ocrx_word' id='word_1_34' title='bbox 1068 863 1137 906; x_wconf 85' lang='lat' dir='ltr'>esse</span> 
     </span>
     <span class='ocr_line' id='line_1_6' title="bbox 79 941 1191 1029; baseline 0.004 -27"><span class='ocrx_word' id='word_1_35' title='bbox 79 942 246 1006; x_wconf 75' lang='lat' dir='ltr'>rideatur.</span> <span class='ocrx_word' id='word_1_36' title='bbox 313 941 464 1016; x_wconf 88' lang='lat' dir='ltr'>Utinam,</span> <span class='ocrx_word' id='word_1_37' title='bbox 496 943 656 1020; x_wconf 77' lang='lat' dir='ltr'>Quirites,</span> <span class='ocrx_word' id='word_1_38' title='bbox 685 943 835 1006; x_wconf 80' lang='lat' dir='ltr'>virorum</span> <span class='ocrx_word' id='word_1_39' title='bbox 867 941 1006 1007; x_wconf 79' lang='lat' dir='ltr'>fortium</span> <span class='ocrx_word' id='word_1_40' title='bbox 1037 951 1139 1029; x_wconf 90' lang='lat' dir='ltr'>atque</span> <span class='ocrx_word' id='word_1_41' title='bbox 1176 959 1191 1006; x_wconf 79' lang='lat' dir='ltr'>t</span> 
     </span>
     <span class='ocr_line' id='line_1_7' title="bbox 78 1045 1189 1130; baseline 0.006 -22"><span class='ocrx_word' id='word_1_42' title='bbox 78 1047 320 1111; x_wconf 89' lang='lat' dir='ltr'>innocentium</span> <span class='ocrx_word' id='word_1_43' title='bbox 348 1047 477 1130; x_wconf 90' lang='lat' dir='ltr'>copiam</span> <span class='ocrx_word' id='word_1_44' title='bbox 506 1053 632 1110; x_wconf 88' lang='lat' dir='ltr'>tantam</span> <span class='ocrx_word' id='word_1_45' title='bbox 663 1045 841 1121; x_wconf 88' lang='lat' dir='ltr'>haberetis,</span> <span class='ocrx_word' id='word_1_46' title='bbox 869 1055 907 1112; x_wconf 91' lang='lat' dir='ltr'>ut</span> <span class='ocrx_word' id='word_1_47' title='bbox 937 1048 1016 1112; x_wconf 90' lang='lat' dir='ltr'>haec</span> <span class='ocrx_word' id='word_1_48' title='bbox 1043 1049 1136 1114; x_wconf 88' lang='lat' dir='ltr'>vobis</span> <span class='ocrx_word' id='word_1_49' title='bbox 1187 1115 1189 1120; x_wconf 84' lang='grc'>,</span> 
     </span>
     <span class='ocr_line' id='line_1_8' title="bbox 75 1149 1137 1236; baseline 0.005 -23"><span class='ocrx_word' id='word_1_50' title='bbox 75 1151 282 1215; x_wconf 79' lang='lat' dir='ltr'>deliberatio</span> <span class='ocrx_word' id='word_1_51' title='bbox 309 1149 455 1213; x_wconf 84' lang='lat' dir='ltr'>difficilis</span> <span class='ocrx_word' id='word_1_52' title='bbox 479 1158 578 1224; x_wconf 83' lang='lat' dir='ltr'>esset,</span> <span class='ocrx_word' id='word_1_53' title='bbox 596 1172 775 1235; x_wconf 86' lang='lat' dir='ltr'>quemnam</span> <span class='ocrx_word' id='word_1_54' title='bbox 801 1152 1009 1236; x_wconf 87' lang='lat' dir='ltr'>potissimum</span> <span class='ocrx_word' id='word_1_55' title='bbox 1035 1155 1137 1218; x_wconf 86' lang='lat' dir='ltr'>tantis</span> 
     </span>
     <span class='ocr_line' id='line_1_9' title="bbox 76 1253 1136 1340; baseline 0.006 -24"><span class='ocrx_word' id='word_1_56' title='bbox 76 1255 170 1319; x_wconf 83' lang='lat' dir='ltr'>rebus</span> <span class='ocrx_word' id='word_1_57' title='bbox 195 1277 241 1320; x_wconf 85' lang='lat' dir='ltr'>ac</span> <span class='ocrx_word' id='word_1_58' title='bbox 268 1262 370 1318; x_wconf 88' lang='lat' dir='ltr'>tanto</span> <span class='ocrx_word' id='word_1_59' title='bbox 394 1253 482 1317; x_wconf 90' lang='lat' dir='ltr'>bello</span> <span class='ocrx_word' id='word_1_60' title='bbox 505 1255 767 1340; x_wconf 88' lang='lat' dir='ltr'>praeficiendum</span> <span class='ocrx_word' id='word_1_61' title='bbox 793 1257 977 1340; x_wconf 82' lang='lat' dir='ltr'>putaretis!</span> <span class='ocrx_word' id='word_1_62' title='bbox 1038 1257 1136 1322; x_wconf 91' lang='lat' dir='ltr'>Nunc</span> 
     </span>
     <span class='ocr_line' id='line_1_10' title="bbox 75 1357 1137 1444; baseline 0.007 -25"><span class='ocrx_word' id='word_1_63' title='bbox 75 1382 149 1424; x_wconf 79' lang='lat' dir='ltr'>vero</span> <span class='ocrx_word' id='word_1_64' title='bbox 173 1381 264 1424; x_wconf 91' lang='lat' dir='ltr'>cum</span> <span class='ocrx_word' id='word_1_65' title='bbox 282 1359 331 1422; x_wconf 88' lang='lat' dir='ltr'>sit</span> <span class='ocrx_word' id='word_1_66' title='bbox 347 1379 434 1422; x_wconf 88' lang='lat' dir='ltr'>unus</span> <span class='ocrx_word' id='word_1_67' title='bbox 450 1357 510 1423; x_wconf 87' lang='lat' dir='ltr'>Cn.</span> <span class='ocrx_word' id='word_1_68' title='bbox 531 1358 723 1444; x_wconf 88' lang='lat' dir='ltr'>Pompeius,</span> <span class='ocrx_word' id='word_1_69' title='bbox 741 1361 800 1444; x_wconf 89' lang='lat' dir='ltr'>qni</span> <span class='ocrx_word' id='word_1_70' title='bbox 816 1382 883 1424; x_wconf 89' lang='lat' dir='ltr'>non</span> <span class='ocrx_word' id='word_1_71' title='bbox 901 1361 999 1426; x_wconf 92' lang='lat' dir='ltr'>modo</span> <span class='ocrx_word' id='word_1_72' title='bbox 1022 1383 1137 1426; x_wconf 86' lang='lat' dir='ltr'>eorum</span> 
     </span>
     <span class='ocr_line' id='line_1_11' title="bbox 74 1463 1190 1551; baseline 0.001 -26"><span class='ocrx_word' id='word_1_73' title='bbox 74 1463 270 1537; x_wconf 87' lang='lat' dir='ltr'>bominum,</span> <span class='ocrx_word' id='word_1_74' title='bbox 291 1463 351 1547; x_wconf 92' lang='lat' dir='ltr'>qui</span> <span class='ocrx_word' id='word_1_75' title='bbox 380 1483 469 1526; x_wconf 91' lang='lat' dir='ltr'>nunc</span> <span class='ocrx_word' id='word_1_76' title='bbox 495 1471 586 1539; x_wconf 87' lang='lat' dir='ltr'>sunt,</span> <span class='ocrx_word' id='word_1_77' title='bbox 612 1463 762 1551; x_wconf 85' lang='lat' dir='ltr'>gloriam,</span> <span class='ocrx_word' id='word_1_78' title='bbox 789 1465 848 1530; x_wconf 90' lang='lat' dir='ltr'>sed</span> <span class='ocrx_word' id='word_1_79' title='bbox 873 1467 972 1530; x_wconf 91' lang='lat' dir='ltr'>etiam</span> <span class='ocrx_word' id='word_1_80' title='bbox 996 1467 1140 1551; x_wconf 89' lang='lat' dir='ltr'>antiqui·</span> <span class='ocrx_word' id='word_1_81' title='bbox 1162 1480 1190 1528; x_wconf 83' lang='grc' dir='ltr'>ιο</span> 
     </span>
     <span class='ocr_line' id='line_1_12' title="bbox 74 1567 1136 1655; baseline 0.006 -25"><span class='ocrx_word' id='word_1_82' title='bbox 74 1571 148 1632; x_wconf 85' lang='lat' dir='ltr'>tatis</span> <span class='ocrx_word' id='word_1_83' title='bbox 180 1567 391 1631; x_wconf 88' lang='lat' dir='ltr'>memoriam</span> <span class='ocrx_word' id='word_1_84' title='bbox 416 1568 544 1634; x_wconf 89' lang='lat' dir='ltr'>virtute</span> <span class='ocrx_word' id='word_1_85' title='bbox 573 1569 749 1654; x_wconf 87' lang='lat' dir='ltr'>superarit,</span> <span class='ocrx_word' id='word_1_86' title='bbox 777 1591 863 1654; x_wconf 87' lang='lat' dir='ltr'>quae</span> <span class='ocrx_word' id='word_1_87' title='bbox 891 1591 943 1636; x_wconf 87' lang='lat' dir='ltr'>res</span> <span class='ocrx_word' id='word_1_88' title='bbox 972 1578 1032 1645; x_wconf 87' lang='lat' dir='ltr'>est,</span> <span class='ocrx_word' id='word_1_89' title='bbox 1050 1592 1136 1655; x_wconf 87' lang='lat' dir='ltr'>quae</span> 
     </span>
     <span class='ocr_line' id='line_1_13' title="bbox 73 1672 1136 1759; baseline 0.003 -23"><span class='ocrx_word' id='word_1_90' title='bbox 73 1675 288 1758; x_wconf 82' lang='lat' dir='ltr'>cuiusquam</span> <span class='ocrx_word' id='word_1_91' title='bbox 305 1673 455 1734; x_wconf 89' lang='lat' dir='ltr'>animum</span> <span class='ocrx_word' id='word_1_92' title='bbox 472 1672 507 1734; x_wconf 91' lang='lat' dir='ltr'>in</span> <span class='ocrx_word' id='word_1_93' title='bbox 524 1672 585 1736; x_wconf 89' lang='lat' dir='ltr'>hac</span> <span class='ocrx_word' id='word_1_94' title='bbox 603 1695 704 1737; x_wconf 86' lang='lat' dir='ltr'>causa</span> <span class='ocrx_word' id='word_1_95' title='bbox 720 1672 859 1737; x_wconf 89' lang='lat' dir='ltr'>dubium</span> <span class='ocrx_word' id='word_1_96' title='bbox 875 1672 984 1739; x_wconf 82' lang='lat' dir='ltr'>facere</span> <span class='ocrx_word' id='word_1_97' title='bbox 1009 1675 1136 1759; x_wconf 87' lang='lat' dir='ltr'>possit?</span> 
     </span>
     <span class='ocr_line' id='line_1_14' title="bbox 73 1780 1190 1866; baseline 0.004 -25"><span class='ocrx_word' id='word_1_98' title='bbox 73 1780 142 1866; x_wconf 83' lang='lat' dir='ltr'>Ego</span> <span class='ocrx_word' id='word_1_99' title='bbox 168 1781 275 1845; x_wconf 90' lang='lat' dir='ltr'>enim</span> <span class='ocrx_word' id='word_1_100' title='bbox 291 1780 339 1842; x_wconf 89' lang='lat' dir='ltr'>sic</span> <span class='ocrx_word' id='word_1_101' title='bbox 363 1780 529 1855; x_wconf 83' lang='lat' dir='ltr'>existinm,</span> <span class='ocrx_word' id='word_1_102' title='bbox 548 1781 583 1842; x_wconf 93' lang='lat' dir='ltr'>in</span> <span class='ocrx_word' id='word_1_103' title='bbox 599 1801 730 1844; x_wconf 90' lang='lat' dir='ltr'>summo</span> <span class='ocrx_word' id='word_1_104' title='bbox 755 1781 952 1864; x_wconf 69' lang='lat' dir='ltr'>imperatore</span> <span class='ocrx_word' id='word_1_105' title='bbox 976 1781 1190 1863; x_wconf 79' lang='lat' dir='ltr'>quattuor28</span> 
     </span>
     <span class='ocr_line' id='line_1_15' title="bbox 72 1884 1138 1969; baseline 0.002 -25"><span class='ocrx_word' id='word_1_106' title='bbox 72 1884 125 1948; x_wconf 80' lang='lat' dir='ltr'>lias</span> <span class='ocrx_word' id='word_1_107' title='bbox 161 1907 225 1949; x_wconf 88' lang='lat' dir='ltr'>res</span> <span class='ocrx_word' id='word_1_108' title='bbox 260 1884 371 1948; x_wconf 89' lang='lat' dir='ltr'>inesse</span> <span class='ocrx_word' id='word_1_109' title='bbox 402 1892 565 1969; x_wconf 84' lang='lat' dir='ltr'>oportere,</span> <span class='ocrx_word' id='word_1_110' title='bbox 598 1885 771 1948; x_wconf 88' lang='lat' dir='ltr'>scientiam</span> <span class='ocrx_word' id='word_1_111' title='bbox 804 1884 852 1948; x_wconf 88' lang='lat' dir='ltr'>rei</span> <span class='ocrx_word' id='word_1_112' title='bbox 883 1884 1045 1958; x_wconf 87' lang='lat' dir='ltr'>militaris,</span> <span class='ocrx_word' id='word_1_113' title='bbox 1075 1886 1138 1948; x_wconf 92' lang='lat' dir='ltr'>vir-</span> 
     </span>
     <span class='ocr_line' id='line_1_16' title="bbox 72 1986 1190 2072; baseline -0.003 -22"><span class='ocrx_word' id='word_1_114' title='bbox 72 2002 200 2066; x_wconf 86' lang='lat' dir='ltr'>tutem,</span> <span class='ocrx_word' id='word_1_115' title='bbox 218 1988 470 2064; x_wconf 85' lang='lat' dir='ltr'>auctoritatem,</span> <span class='ocrx_word' id='word_1_116' title='bbox 499 1987 705 2054; x_wconf 81' lang='lat' dir='ltr'>felicitatem.</span> <span class='ocrx_word' id='word_1_117' title='bbox 753 1986 838 2067; x_wconf 83' lang='lat' dir='ltr'>Quis</span> <span class='ocrx_word' id='word_1_118' title='bbox 865 1987 970 2072; x_wconf 89' lang='lat' dir='ltr'>igitur</span> <span class='ocrx_word' id='word_1_119' title='bbox 992 1987 1054 2052; x_wconf 91' lang='lat' dir='ltr'>hoc</span> <span class='ocrx_word' id='word_1_120' title='bbox 1082 1988 1190 2051; x_wconf 81' lang='lat' dir='ltr'>h0-1r5</span> 
     </span>
     <span class='ocr_line' id='line_1_17' title="bbox 72 2090 1136 2180; baseline 0 -24"><span class='ocrx_word' id='word_1_121' title='bbox 72 2099 163 2162; x_wconf 90' lang='lat' dir='ltr'>mine</span> <span class='ocrx_word' id='word_1_122' title='bbox 182 2095 354 2161; x_wconf 87' lang='lat' dir='ltr'>scientior</span> <span class='ocrx_word' id='word_1_123' title='bbox 369 2115 529 2180; x_wconf 90' lang='lat' dir='ltr'>umquam</span> <span class='ocrx_word' id='word_1_124' title='bbox 549 2100 610 2157; x_wconf 90' lang='lat' dir='ltr'>aut</span> <span class='ocrx_word' id='word_1_125' title='bbox 624 2091 692 2156; x_wconf 85' lang='lat' dir='ltr'>fuit</span> <span class='ocrx_word' id='word_1_126' title='bbox 715 2099 774 2156; x_wconf 87' lang='lat' dir='ltr'>aut</span> <span class='ocrx_word' id='word_1_127' title='bbox 790 2113 861 2156; x_wconf 90' lang='lat' dir='ltr'>esse</span> <span class='ocrx_word' id='word_1_128' title='bbox 877 2090 1018 2156; x_wconf 86' lang='lat' dir='ltr'>debuit?</span> <span class='ocrx_word' id='word_1_129' title='bbox 1043 2093 1102 2176; x_wconf 91' lang='lat' dir='ltr'>qui</span> <span class='ocrx_word' id='word_1_130' title='bbox 1119 2113 1136 2156; x_wconf 94' lang='lat' dir='ltr'>e</span> 
     </span>
     <span class='ocr_line' id='line_1_18' title="bbox 71 2187 1132 2285; baseline 0 -24"><span class='ocrx_word' id='word_1_131' title='bbox 71 2200 156 2264; x_wconf 86' lang='lat' dir='ltr'>ludo</span> <span class='ocrx_word' id='word_1_132' title='bbox 193 2210 302 2284; x_wconf 88' lang='lat' dir='ltr'>atque</span> <span class='ocrx_word' id='word_1_133' title='bbox 332 2199 497 2285; x_wconf 85' lang='lat' dir='ltr'>pueritiae</span> <span class='ocrx_word' id='word_1_134' title='bbox 528 2187 715 2282; x_wconf 85' lang='lat' dir='ltr'>disciplinis</span> <span class='ocrx_word' id='word_1_135' title='bbox 746 2196 834 2262; x_wconf 93' lang='lat' dir='ltr'>bello</span> <span class='ocrx_word' id='word_1_136' title='bbox 862 2196 1007 2260; x_wconf 86' lang='lat' dir='ltr'>maximo</span> <span class='ocrx_word' id='word_1_137' title='bbox 1030 2204 1132 2280; x_wconf 85' lang='lat' dir='ltr'>atque</span> 
     </span>
     <span class='ocr_line' id='line_1_19' title="bbox 71 2301 1136 2387; baseline 0 -21"><span class='ocrx_word' id='word_1_138' title='bbox 71 2305 258 2369; x_wconf 79' lang='lat' dir='ltr'>acerrimis</span> <span class='ocrx_word' id='word_1_139' title='bbox 274 2303 428 2368; x_wconf 88' lang='lat' dir='ltr'>hostibus</span> <span class='ocrx_word' id='word_1_140' title='bbox 444 2302 486 2367; x_wconf 89' lang='lat' dir='ltr'>ad</span> <span class='ocrx_word' id='word_1_141' title='bbox 503 2303 607 2387; x_wconf 89' lang='lat' dir='ltr'>patris</span> <span class='ocrx_word' id='word_1_142' title='bbox 624 2301 810 2366; x_wconf 84' lang='lat' dir='ltr'>exercitum</span> <span class='ocrx_word' id='word_1_143' title='bbox 828 2309 929 2384; x_wconf 85' lang='lat' dir='ltr'>atque</span> <span class='ocrx_word' id='word_1_144' title='bbox 946 2301 980 2363; x_wconf 92' lang='lat' dir='ltr'>in</span> <span class='ocrx_word' id='word_1_145' title='bbox 998 2301 1136 2366; x_wconf 87' lang='lat' dir='ltr'>militiae</span> 
     </span>
     <span class='ocr_line' id='line_1_20' title="bbox 72 2405 1135 2493; baseline -0.001 -24"><span class='ocrx_word' id='word_1_146' title='bbox 72 2407 300 2493; x_wconf 81' lang='lat' dir='ltr'>disciplinam</span> <span class='ocrx_word' id='word_1_147' title='bbox 317 2407 488 2492; x_wconf 87' lang='lat' dir='ltr'>profectus</span> <span class='ocrx_word' id='word_1_148' title='bbox 505 2415 566 2482; x_wconf 91' lang='lat' dir='ltr'>est,</span> <span class='ocrx_word' id='word_1_149' title='bbox 583 2407 643 2491; x_wconf 92' lang='lat' dir='ltr'>qui</span> <span class='ocrx_word' id='word_1_150' title='bbox 659 2412 809 2470; x_wconf 85' lang='lat' dir='ltr'>extrema</span> <span class='ocrx_word' id='word_1_151' title='bbox 826 2405 970 2490; x_wconf 86' lang='lat' dir='ltr'>pueritia</span> <span class='ocrx_word' id='word_1_152' title='bbox 986 2405 1081 2468; x_wconf 86' lang='lat' dir='ltr'>miles</span> <span class='ocrx_word' id='word_1_153' title='bbox 1100 2406 1135 2468; x_wconf 91' lang='lat' dir='ltr'>in</span> 
     </span>
     <span class='ocr_line' id='line_1_21' title="bbox 59 2507 1190 2596; baseline -0.004 -21"><span class='ocrx_word' id='word_1_154' title='bbox 59 2507 241 2577; x_wconf 81' lang='lat' dir='ltr'>&#39;exercitu</span> <span class='ocrx_word' id='word_1_155' title='bbox 264 2509 335 2574; x_wconf 83' lang='lat' dir='ltr'>fuit</span> <span class='ocrx_word' id='word_1_156' title='bbox 356 2513 478 2576; x_wconf 86' lang='lat' dir='ltr'>summi</span> <span class='ocrx_word' id='word_1_157' title='bbox 503 2511 723 2596; x_wconf 85' lang='lat' dir='ltr'>imperatoris,</span> <span class='ocrx_word' id='word_1_158' title='bbox 740 2511 880 2575; x_wconf 88' lang='lat' dir='ltr'>ineunte</span> <span class='ocrx_word' id='word_1_159' title='bbox 908 2508 1190 2573; x_wconf 79' lang='lat' dir='ltr'>adulescentiam</span> 
     </span>
     <span class='ocr_line' id='line_1_22' title="bbox 73 2615 1135 2700; baseline 0 -23"><span class='ocrx_word' id='word_1_160' title='bbox 73 2617 226 2681; x_wconf 84' lang='lat' dir='ltr'>maximi</span> <span class='ocrx_word' id='word_1_161' title='bbox 264 2617 335 2700; x_wconf 91' lang='lat' dir='ltr'>ipse</span> <span class='ocrx_word' id='word_1_162' title='bbox 373 2617 543 2681; x_wconf 88' lang='lat' dir='ltr'>exercitus</span> <span class='ocrx_word' id='word_1_163' title='bbox 581 2616 772 2700; x_wconf 83' lang='lat' dir='ltr'>imperator,</span> <span class='ocrx_word' id='word_1_164' title='bbox 805 2616 864 2700; x_wconf 90' lang='lat' dir='ltr'>qui</span> <span class='ocrx_word' id='word_1_165' title='bbox 895 2615 1027 2699; x_wconf 85' lang='lat' dir='ltr'>saepius</span> <span class='ocrx_word' id='word_1_166' title='bbox 1058 2635 1135 2696; x_wconf 86' lang='lat' dir='ltr'>cum</span> 
     </span>
     <span class='ocr_line' id='line_1_23' title="bbox 72 2718 1135 2804; baseline -0.001 -21"><span class='ocrx_word' id='word_1_167' title='bbox 72 2721 181 2784; x_wconf 88' lang='lat' dir='ltr'>hoste</span> <span class='ocrx_word' id='word_1_168' title='bbox 199 2718 362 2795; x_wconf 86' lang='lat' dir='ltr'>conflixit,</span> <span class='ocrx_word' id='word_1_169' title='bbox 380 2741 480 2804; x_wconf 86' lang='lat' dir='ltr'>quam</span> <span class='ocrx_word' id='word_1_170' title='bbox 506 2720 686 2804; x_wconf 89' lang='lat' dir='ltr'>quisquam</span> <span class='ocrx_word' id='word_1_171' title='bbox 715 2740 792 2782; x_wconf 92' lang='lat' dir='ltr'>cum</span> <span class='ocrx_word' id='word_1_172' title='bbox 816 2719 952 2782; x_wconf 89' lang='lat' dir='ltr'>inimico</span> <span class='ocrx_word' id='word_1_173' title='bbox 968 2726 1135 2782; x_wconf 86' lang='lat' dir='ltr'>concerta-</span> 
     </span>
     <span class='ocr_line' id='line_1_24' title="bbox 73 2821 1135 2912; baseline -0.001 -24"><span class='ocrx_word' id='word_1_174' title='bbox 73 2827 139 2899; x_wconf 85' lang='lat' dir='ltr'>vit,</span> <span class='ocrx_word' id='word_1_175' title='bbox 183 2824 282 2908; x_wconf 85' lang='lat' dir='ltr'>plnia</span> <span class='ocrx_word' id='word_1_176' title='bbox 309 2821 397 2912; x_wconf 89' lang='lat' dir='ltr'>bella</span> <span class='ocrx_word' id='word_1_177' title='bbox 426 2823 532 2910; x_wconf 85' lang='lat' dir='ltr'>gessit</span> <span class='ocrx_word' id='word_1_178' title='bbox 559 2845 659 2907; x_wconf 89' lang='lat' dir='ltr'>quam</span> <span class='ocrx_word' id='word_1_179' title='bbox 693 2823 796 2887; x_wconf 89' lang='lat' dir='ltr'>ceteri</span> <span class='ocrx_word' id='word_1_180' title='bbox 828 2822 992 2908; x_wconf 87' lang='lat' dir='ltr'>legerunt,</span> <span class='ocrx_word' id='word_1_181' title='bbox 1022 2823 1135 2906; x_wconf 90' lang='lat' dir='ltr'>plures</span> 
     </span>
     <span class='ocr_line' id='line_1_25' title="bbox 74 2927 1134 3012; baseline 0 -21"><span class='ocrx_word' id='word_1_182' title='bbox 74 2927 278 3011; x_wconf 79' lang='lat' dir='ltr'>provincias</span> <span class='ocrx_word' id='word_1_183' title='bbox 309 2927 456 2994; x_wconf 81' lang='lat' dir='ltr'>confecit</span> <span class='ocrx_word' id='word_1_184' title='bbox 493 2948 594 3012; x_wconf 86' lang='lat' dir='ltr'>quam</span> <span class='ocrx_word' id='word_1_185' title='bbox 627 2927 685 2991; x_wconf 89' lang='lat' dir='ltr'>alii</span> <span class='ocrx_word' id='word_1_186' title='bbox 726 2927 1004 3011; x_wconf 87' lang='lat' dir='ltr'>concupiverunt,</span> <span class='ocrx_word' id='word_1_187' title='bbox 1037 2927 1134 2991; x_wconf 90' lang='lat' dir='ltr'>cuius</span> 
     </span>
     <span class='ocr_line' id='line_1_26' title="bbox 75 3031 1189 3097; baseline 0 -2"><span class='ocrx_word' id='word_1_188' title='bbox 75 3031 318 3096; x_wconf 88' lang='lat' dir='ltr'>adulescentia</span> <span class='ocrx_word' id='word_1_189' title='bbox 349 3032 391 3095; x_wconf 91' lang='lat' dir='ltr'>ad</span> <span class='ocrx_word' id='word_1_190' title='bbox 422 3033 598 3097; x_wconf 89' lang='lat' dir='ltr'>scientiam</span> <span class='ocrx_word' id='word_1_191' title='bbox 630 3033 679 3096; x_wconf 91' lang='lat' dir='ltr'>rei</span> <span class='ocrx_word' id='word_1_192' title='bbox 719 3031 873 3096; x_wconf 83' lang='lat' dir='ltr'>militaris</span> <span class='ocrx_word' id='word_1_193' title='bbox 913 3052 979 3095; x_wconf 91' lang='lat' dir='ltr'>non</span> <span class='ocrx_word' id='word_1_194' title='bbox 1018 3031 1136 3095; x_wconf 88' lang='lat' dir='ltr'>alienis</span> <span class='ocrx_word' id='word_1_195' title='bbox 1159 3049 1189 3095; x_wconf 76' lang='lat'>25</span> 
     </span>
     <span class='ocr_line' id='line_1_27' title="bbox 76 3134 1131 3221; baseline 0 -22"><span class='ocrx_word' id='word_1_196' title='bbox 76 3137 283 3220; x_wconf 82' lang='lat' dir='ltr'>praeceptis,</span> <span class='ocrx_word' id='word_1_197' title='bbox 307 3135 368 3201; x_wconf 92' lang='lat' dir='ltr'>sed</span> <span class='ocrx_word' id='word_1_198' title='bbox 394 3137 463 3200; x_wconf 86' lang='lat' dir='ltr'>suis</span> <span class='ocrx_word' id='word_1_199' title='bbox 490 3136 648 3221; x_wconf 88' lang='lat' dir='ltr'>imperiis,</span> <span class='ocrx_word' id='word_1_200' title='bbox 677 3156 745 3199; x_wconf 91' lang='lat' dir='ltr'>non</span> <span class='ocrx_word' id='word_1_201' title='bbox 773 3134 1013 3200; x_wconf 88' lang='lat' dir='ltr'>offensionibus</span> <span class='ocrx_word' id='word_1_202' title='bbox 1041 3134 1131 3212; x_wconf 90' lang='lat' dir='ltr'>belli,</span> 
     </span>
     <span class='ocr_line' id='line_1_28' title="bbox 78 3239 1134 3326; baseline 0.002 -23"><span class='ocrx_word' id='word_1_203' title='bbox 78 3239 145 3304; x_wconf 88' lang='lat' dir='ltr'>sed</span> <span class='ocrx_word' id='word_1_204' title='bbox 162 3239 323 3316; x_wconf 87' lang='lat' dir='ltr'>victoriis,</span> <span class='ocrx_word' id='word_1_205' title='bbox 340 3261 407 3304; x_wconf 91' lang='lat' dir='ltr'>non</span> <span class='ocrx_word' id='word_1_206' title='bbox 431 3239 618 3324; x_wconf 90' lang='lat' dir='ltr'>stipendiis,</span> <span class='ocrx_word' id='word_1_207' title='bbox 635 3239 696 3304; x_wconf 92' lang='lat' dir='ltr'>sed</span> <span class='ocrx_word' id='word_1_208' title='bbox 720 3239 898 3326; x_wconf 90' lang='lat' dir='ltr'>triumphis</span> <span class='ocrx_word' id='word_1_209' title='bbox 915 3247 967 3304; x_wconf 91' lang='lat' dir='ltr'>est</span> <span class='ocrx_word' id='word_1_210' title='bbox 990 3240 1134 3305; x_wconf 86' lang='lat' dir='ltr'>erudita.</span> 
     </span>
     <span class='ocr_line' id='line_1_29' title="bbox 79 3343 1133 3430; baseline 0.002 -23"><span class='ocrx_word' id='word_1_211' title='bbox 79 3343 190 3424; x_wconf 80' lang='lat' dir='ltr'>Quod</span> <span class='ocrx_word' id='word_1_212' title='bbox 217 3343 363 3428; x_wconf 90' lang='lat' dir='ltr'>denique</span> <span class='ocrx_word' id='word_1_213' title='bbox 388 3365 496 3430; x_wconf 85' lang='lat' dir='ltr'>genus</span> <span class='ocrx_word' id='word_1_214' title='bbox 523 3365 595 3408; x_wconf 88' lang='lat' dir='ltr'>esse</span> <span class='ocrx_word' id='word_1_215' title='bbox 621 3343 702 3408; x_wconf 92' lang='lat' dir='ltr'>belli</span> <span class='ocrx_word' id='word_1_216' title='bbox 730 3351 853 3428; x_wconf 90' lang='lat' dir='ltr'>potest,</span> <span class='ocrx_word' id='word_1_217' title='bbox 878 3344 914 3407; x_wconf 92' lang='lat' dir='ltr'>in</span> <span class='ocrx_word' id='word_1_218' title='bbox 942 3365 1010 3429; x_wconf 91' lang='lat' dir='ltr'>quo</span> <span class='ocrx_word' id='word_1_219' title='bbox 1036 3345 1133 3409; x_wconf 91' lang='lat' dir='ltr'>illum</span> 
     </span>
     <span class='ocr_line' id='line_1_30' title="bbox 81 3447 1134 3533; baseline 0.003 -21"><span class='ocrx_word' id='word_1_220' title='bbox 81 3471 153 3513; x_wconf 89' lang='lat' dir='ltr'>non</span> <span class='ocrx_word' id='word_1_221' title='bbox 182 3449 370 3514; x_wconf 88' lang='lat' dir='ltr'>exercuerit</span> <span class='ocrx_word' id='word_1_222' title='bbox 398 3448 535 3512; x_wconf 85' lang='lat' dir='ltr'>fortuna</span> <span class='ocrx_word' id='word_1_223' title='bbox 561 3449 610 3513; x_wconf 88' lang='lat' dir='ltr'>rei</span> <span class='ocrx_word' id='word_1_224' title='bbox 637 3447 817 3533; x_wconf 87' lang='lat' dir='ltr'>publicae?</span> <span class='ocrx_word' id='word_1_225' title='bbox 863 3448 985 3526; x_wconf 84' lang='lat' dir='ltr'>Civile,</span> <span class='ocrx_word' id='word_1_226' title='bbox 1003 3447 1134 3514; x_wconf 72' lang='lat' dir='ltr'>Africa</span> 
     </span>
     <span class='ocr_line' id='line_1_31' title="bbox 84 3553 1187 3638; baseline -0.001 -24"><span class='ocrx_word' id='word_1_227' title='bbox 84 3553 470 3638; x_wconf 84' lang='lat' dir='ltr'>num,T1ansalpinum,</span> <span class='ocrx_word' id='word_1_228' title='bbox 498 3553 724 3638; x_wconf 88' lang='lat' dir='ltr'>Hispaniense</span> <span class='ocrx_word' id='word_1_229' title='bbox 751 3554 896 3618; x_wconf 86' lang='lat' dir='ltr'>mixtum</span> <span class='ocrx_word' id='word_1_230' title='bbox 924 3575 966 3616; x_wconf 83' lang='lat' dir='ltr'>ex</span> <span class='ocrx_word' id='word_1_231' title='bbox 993 3554 1137 3618; x_wconf 88' lang='lat' dir='ltr'>civitati·</span> <span class='ocrx_word' id='word_1_232' title='bbox 1158 3567 1187 3613; x_wconf 84' lang='lat'>³0</span> 
     </span>
     <span class='ocr_line' id='line_1_32' title="bbox 85 3657 1133 3740; baseline -0.002 -19"><span class='ocrx_word' id='word_1_233' title='bbox 85 3657 150 3721; x_wconf 90' lang='lat' dir='ltr'>bus</span> <span class='ocrx_word' id='word_1_234' title='bbox 166 3664 268 3740; x_wconf 90' lang='lat' dir='ltr'>atquc</span> <span class='ocrx_word' id='word_1_235' title='bbox 291 3679 333 3721; x_wconf 86' lang='lat' dir='ltr'>ex</span> <span class='ocrx_word' id='word_1_236' title='bbox 357 3657 619 3721; x_wconf 90' lang='lat' dir='ltr'>bellicosissimis</span> <span class='ocrx_word' id='word_1_237' title='bbox 642 3657 846 3732; x_wconf 89' lang='lat' dir='ltr'>nationibus,</span> <span class='ocrx_word' id='word_1_238' title='bbox 864 3657 996 3732; x_wconf 89' lang='lat' dir='ltr'>servile,</span> <span class='ocrx_word' id='word_1_239' title='bbox 1015 3657 1133 3722; x_wconf 88' lang='lat' dir='ltr'>navale</span> 
     </span>
     <span class='ocr_line' id='line_1_33' title="bbox 86 3761 1133 3848; baseline -0.001 -25"><span class='ocrx_word' id='word_1_240' title='bbox 86 3761 224 3832; x_wconf 90' lang='lat' dir='ltr'>bellum,</span> <span class='ocrx_word' id='word_1_241' title='bbox 242 3763 333 3825; x_wconf 87' lang='lat' dir='ltr'>varia</span> <span class='ocrx_word' id='word_1_242' title='bbox 348 3769 384 3825; x_wconf 89' lang='lat' dir='ltr'>et</span> <span class='ocrx_word' id='word_1_243' title='bbox 400 3761 532 3826; x_wconf 79' lang='lat' dir='ltr'>diversa</span> <span class='ocrx_word' id='word_1_244' title='bbox 554 3781 677 3848; x_wconf 84' lang='lat' dir='ltr'>genera</span> <span class='ocrx_word' id='word_1_245' title='bbox 692 3769 727 3825; x_wconf 92' lang='lat' dir='ltr'>et</span> <span class='ocrx_word' id='word_1_246' title='bbox 749 3761 910 3825; x_wconf 90' lang='lat' dir='ltr'>bellorum</span> <span class='ocrx_word' id='word_1_247' title='bbox 930 3769 964 3826; x_wconf 91' lang='lat' dir='ltr'>et</span> <span class='ocrx_word' id='word_1_248' title='bbox 987 3761 1133 3827; x_wconf 89' lang='lat' dir='ltr'>hostium</span> 
     </span>
     <span class='ocr_line' id='line_1_34' title="bbox 91 3863 1136 3951; baseline -0.001 -26"><span class='ocrx_word' id='word_1_249' title='bbox 91 3886 156 3927; x_wconf 88' lang='lat' dir='ltr'>non</span> <span class='ocrx_word' id='word_1_250' title='bbox 172 3864 277 3927; x_wconf 88' lang='lat' dir='ltr'>solum</span> <span class='ocrx_word' id='word_1_251' title='bbox 295 3875 391 3951; x_wconf 87' lang='lat' dir='ltr'>gesta</span> <span class='ocrx_word' id='word_1_252' title='bbox 405 3865 448 3930; x_wconf 88' lang='lat' dir='ltr'>ab</span> <span class='ocrx_word' id='word_1_253' title='bbox 463 3866 526 3930; x_wconf 88' lang='lat' dir='ltr'>hoc</span> <span class='ocrx_word' id='word_1_254' title='bbox 543 3887 621 3941; x_wconf 92' lang='lat' dir='ltr'>uno,</span> <span class='ocrx_word' id='word_1_255' title='bbox 637 3863 814 3928; x_wconf 84' lang='lat' dir='ltr'>sedetiam</span> <span class='ocrx_word' id='word_1_256' title='bbox 832 3864 986 3928; x_wconf 86' lang='lat' dir='ltr'>confecta</span> <span class='ocrx_word' id='word_1_257' title='bbox 1009 3866 1136 3930; x_wconf 89' lang='lat' dir='ltr'>nullam</span> 
     </span>
    </p>
   </div>
   <div class='ocr_carea' id='block_1_3' title="bbox 0 0 1404 4367">
    <p class='ocr_par' dir='ltr' id='par_1_3' title="bbox 0 0 1404 4367">
     <span class='ocr_line' id='line_1_35' title="bbox 0 0 1404 4367; baseline 0 0"><span class='ocrx_word' id='word_1_258' title='bbox 0 0 1404 4367; x_wconf 95' lang='lat' dir='ltr'> </span> 
     </span>
    </p>
   </div>
  </div>
 </body>
</html>
