2800 4367
382 937 433 1010 M.
470 936 621 1010 TULLI
660 935 924 1011 CICERONIS

153 1161 223 1242 IN
262 1158 601 1244 CATILINAM
642 1157 862 1242 ORATIO
903 1158 1143 1262 QUARTA

413 1390 584 1451 HABITA
612 1391 661 1450 IN
691 1389 877 1450 SENATU.

532 1637 757 1647 ———-

160 1861 186 1906 1.
217 1843 337 1919 Video,
354 1848 465 1927 patres
486 1841 677 1926 conscripti,
697 1831 733 1903 in
759 1862 811 1905 me
837 1841 988 1905 omnium
1012 1848 1163 1906 vestrum
1189 1846 1204 1906 1

112 1970 176 2012 ora
199 1955 301 2032 atque
328 1947 442 2011 oculos
462 1967 543 2010 esse·
559 1965 747 2025 conversos,
764 1944 863 2010 video
883 1966 942 2010 vos
966 1967 1033 2009 non
1055 1947 1165 2010 solum

112 2053 158 2116 de
175 2060 287 2116 vestro
305 2073 342 2116 ac
362 2052 409 2115 rei
430 2049 595 2135 publicae,
613 2071 733 2114 verum
752 2051 864 2125 etiam,
880 2049 909 2113 si
930 2049 965 2113 id
984 2049 1166 2134 depulsum

111 2157 171 2232 sit,
189 2155 230 2219 de
252 2177 325 2219 meo
346 2155 497 2239 periculo
516 2175 589 2218 esse
609 2154 783 2218 sollicitos.
831 2153 894 2218 Est
914 2151 995 2216 mihi
1017 2154 1166 2220 iucundo

112 2262 152 2323 in
177 2260 273 2323 malis
297 2266 333 2323 et
361 2266 457 2346 grata
481 2260 517 2321 in
544 2258 657 2322 dolore
681 2265 793 2323 vestra
818 2279 898 2344 erga
924 2280 976 2322 me
998 2258 1166 2337 voluntas,
1204 2273 1219 2322 5

113 2363 177 2428 sed
192 2385 275 2440 eam,
289 2386 347 2449 per
363 2362 448 2428 deos
458 2363 661 2438 inmortales,
675 2361 833 2447 deponite
850 2369 952 2446 atque
969 2361 1065 2426 obliti
1082 2365 1168 2428 salu-

113 2470 160 2532 tis
179 2488 270 2532 meae
288 2467 328 2531 de
341 2467 436 2531 vobis
452 2489 490 2531 ac
507 2466 548 2531 de
564 2468 685 2532 vestris
701 2466 814 2531 liberis
831 2467 988 2553 cogitate.
1036 2467 1122 2532 Mihi
1137 2470 1166 2533 si

112 2574 197 2636 haec
214 2571 365 2644 condicio
382 2572 579 2636 consulatus
598 2570 678 2635 data
692 2578 754 2647 est,
774 2580 814 2636 ut
830 2573 936 2636 omnis
959 2573 1165 2651 acerbitates,

113 2673 224 2737 omnis
240 2671 371 2736 dolores
387 2672 625 2756 cruciatusque
642 2671 834 2756 perferrem,
852 2672 958 2738 feram
973 2695 1041 2738 non
1056 2674 1166 2739 solum

112 2777 259 2852 fortiter,
277 2798 394 2841 verum
416 2776 517 2840 etiam
538 2775 704 2852 lubenter,
723 2775 805 2840 dum
827 2776 927 2842 modo
948 2779 1029 2842 meis
1051 2778 1167 2844 labori-
1191 2795 1218 2840 10

113 2883 178 2946 bus
202 2881 299 2945 vobis
323 2880 518 2966 populoque
543 2880 695 2945 Romano
712 2881 858 2968 dignitas
883 2883 1046 2968 salusque
1064 2885 1166 2968 paria-

113 2993 180 3049 tur.
228 2985 303 3071 Ego
326 3006 401 3049 sum
427 2985 484 3049 ille
510 2985 638 3063 consul,
662 2994 774 3072 patres
801 2988 1070 3072 conscriptioni
1097 3009 1164 3052 non
1188 2993 1207 3054 2

113 3089 236 3166 iorum,
253 3091 287 3152 in
314 3111 382 3174 quo
404 3090 511 3153 omnis
539 3092 692 3175 aequitas
719 3092 921 3168 continetur,
939 3113 1006 3156 non
1028 3113 1165 3176 campus

113 3192 346 3258 consularibus
362 3194 521 3278 auspiciis
544 3202 769 3272 consecratus,
786 3216 853 3259 non
878 3196 980 3272 omia,
997 3217 1166 3260 summum

113 3299 281 3362 auxilium
303 3298 454 3361 omnium
477 3300 641 3384 gentium,
658 3321 727 3363 non
752 3300 881 3377 domus,
899 3287 1075 3364 commune
1097 3322 1168 3385 per·
1190 3316 1217 3360 15

112 3402 260 3488 fugium,
276 3423 343 3465 non
359 3403 469 3466 lectus
486 3401 529 3465 ad
545 3404 696 3487 quietem
712 3403 822 3480 datus,
839 3426 907 3469 non
924 3403 1070 3489 denique
1086 3404 1167 3468 haec

113 3506 209 3571 sedes
236 3506 370 3570 honoris
402 3528 563 3591 umquam
592 3529 699 3573 vacua
731 3509 847 3572 mortis
880 3509 1030 3593 periculo
1061 3517 1164 3594 atque

113 3609 245 3675 insidiis
271 3609 350 3674 fuit.
396 3611 470 3696 Ego
495 3611 603 3675 multa
631 3613 732 3688 tacui,
761 3613 869 3676 multa
895 3613 1030 3696 pertuli,
1058 3613 1166 3676 multa
1274 3677 1282 3694 ,

115 3716 272 3792 concessi,
293 3715 404 3778 multa
431 3737 504 3778 meo
532 3715 677 3799 quodam
706 3716 819 3782 dolore
847 3717 881 3780 in
908 3725 1021 3782 vestro
1046 3718 1164 3781 timore

116 3821 240 3886 sanavi.
286 3819 387 3884 Nunc
402 3821 430 3884 si
446 3819 537 3884 huno
554 3822 684 3885 exitum
700 3823 897 3886 consulatus
915 3823 979 3885 mei
995 3821 1029 3884 di
1047 3823 1165 3884 inmor-
1187 3837 1216 3882 20

626 3926 658 3975 85
