2800 4367
488 349 571 405 cnr.
595 351 685 411 rear,
710 351 725 412 ς
747 351 835 402 arar.
1167 338 1229 402 205

121 520 234 603 civis)
251 527 286 585 et
306 519 347 585 de
371 520 466 586 bonis
490 521 688 606 proscriptio
713 520 866 597 ferretur,
883 542 959 585 curn
984 528 1019 585 et
1041 522 1177 586 sacratis

121 623 260 710 legibus
275 632 311 689 θῖ
326 641 382 687 xrr
406 623 529 689 tabulis
553 632 709 689 sanctum
733 633 830 700 esset,
849 632 945 690 utne
970 625 1024 688 cui
1049 625 1230 708 privile-15

121 729 226 813 gium
254 729 400 815 inrogari
432 729 547 792 liceret
578 749 663 793 neve
701 727 742 792 de
781 729 889 812 capite
929 728 994 791 nisi
1033 729 1177 794 comitiis

121 832 327 896 centuriatis
343 833 463 918 rogari,
482 831 577 895 nulla
593 854 660 895 vox
684 839 737 896 est
759 831 874 896 audita
899 832 1086 907 consulum,
1103 854 1178 896 oon·

121 937 355 1021 stitutumque
372 942 425 1001 est
440 936 498 999 illo
514 958 612 1016 anno,
624 944 791 1020 quantum
804 937 838 998 in
854 935 921 999 illis
934 935 1064 1000 duabus
1077 934 1176 1000 huius

122 1041 259 1126 imperii
281 1040 433 1126 pestibus
456 1039 622 1116 initiare
648 1062 744 1126 posse
768 1062 828 1126 per
854 1061 969 1125 operas
994 1041 1176 1104 concitatas

123 1146 282 1228 quemvis
309 1146 418 1211 civem
434 1144 632 1207 nominatim
656 1143 782 1209 tribuni
808 1144 852 1228 pl.
869 1144 1011 1208 concilio
1032 1165 1074 1208 ex
1101 1144 1180 1208 civi·
1201 1161 1231 1204 aa

123 1257 198 1313 tate
208 1249 402 1313 exturbari?
449 1247 544 1327 Quae
557 1269 636 1313 vero
647 1249 859 1334 promulgata
872 1248 931 1311 illo
943 1269 1030 1311 anno
1041 1246 1177 1324 fuerint,
1191 1251 1230 1313 66

125 1375 213 1436 quae
238 1355 401 1438 promissa
430 1353 555 1429 multis,
583 1373 669 1437 quae
698 1353 896 1437 conscripta,
923 1373 1009 1436 quae
1035 1359 1175 1437 sperata,

125 1480 213 1541 quae
231 1447 491 1544 cogitata‚'quid
508 1456 641 1522 dicam?
687 1456 756 1536 Qui
773 1457 866 1521 locus
887 1456 957 1521 orbi
982 1465 1087 1521 terrae
1113 1457 1176 1518 iam

125 1584 194 1625 non
211 1571 283 1626 erat
298 1563 399 1625 alicui
424 1560 640 1625 destinatus?
670 1561 767 1625 cuius
792 1562 919 1647 negotii
944 1560 1068 1646 publici
1091 1561 1177 1647 cogi-

125 1667 201 1741 tari,
219 1667 341 1749 optari,
353 1666 435 1750 fingi
452 1666 579 1729 curatio
592 1664 714 1749 potuit,
729 1686 814 1749 quae
832 1686 898 1728 non
914 1674 1002 1730 esset
1016 1664 1179 1728 attributa
1201 1680 1230 1724 25

124 1779 229 1856 atque
241 1768 427 1853 discripta?
452 1769 544 1854 quod
555 1791 664 1856 genus
679 1769 809 1854 imperii
821 1777 881 1833 aut
894 1790 978 1854 quae
996 1769 1176 1853 provincia,

125 1896 213 1958 quae
242 1875 328 1938 ratio
351 1881 412 1938 aut
441 1872 571 1938 flandae
602 1879 662 1937 aut
694 1871 888 1938 conflandae
921 1874 1083 1958 pecuniae
1110 1894 1177 1936 non

125 1978 381 2063 reperiebatur?
404 1999 490 2062 quae
508 1978 599 2064 regio
616 1999 715 2042 orave
737 1985 900 2042 terrarum
924 1984 995 2041 erat
1018 1977 1124 2053 latior,
1141 1978 1176 2039 in

125 2105 194 2167 qua
211 2105 280 2144 non
304 2104 446 2169 regnum
462 2082 601 2166 aliquod
617 2081 849 2147 statueretur?
882 2082 958 2166 quis
982 2089 1094 2146 autem
1117 2103 1176 2145 rex

125 2195 208 2262 erat,
236 2188 294 2271 qui
321 2187 380 2250 illo
406 2209 494 2250 anno
520 2209 588 2250 non
613 2193 674 2251 aut
694 2185 874 2252 emendum
898 2186 971 2262 sibi,
996 2185 1087 2272 quod
1112 2208 1178 2250 non
1201 2201 1231 2246 ao

33 2334 38 2375 3
125 2291 281 2366 habebat,
298 2300 359 2354 aut
382 2290 623 2368 redimendum,
649 2289 741 2376 quod
765 2290 917 2368 habebat,
935 2290 1177 2356 arbitraretur?

125 2397 204 2479 quis
236 2395 452 2478 provinciam,
485 2396 561 2479 quis
593 2396 780 2480 pecuniam,
813 2395 888 2480 quis
927 2396 1127 2482 legationem
1158 2416 1177 2459 a

35 2536 38 2573 ;
123 2507 248 2564 senatu
269 2498 429 2583 petebat?
475 2499 650 2564 Damnatis
667 2498 708 2564 de
726 2501 760 2563 vi
784 2500 964 2575 restitutio
982 2499 1176 2563 consulatus

34 2584 38 2597 ¹
124 2604 247 2688 petitio
264 2605 329 2688 ipsi
348 2603 397 2666 illi
415 2604 568 2689 populari
586 2602 751 2668 sacerdoti
773 2603 1035 2688 comparabatur.
1083 2603 1175 2667 Haec

34 2726 39 2769 ³.
124 2707 308 2794 gemebant
331 2707 419 2783 boni,
437 2707 616 2792 sperabant
640 2707 781 2793 inprobi,
799 2707 919 2795 agebat
943 2707 1097 2772 tribunus
1120 2708 1176 2792 pn,
1201 2723 1229 2768 35

126 2811 284 2876 consules
302 2810 518 2875 adiuvabant.

171 2933 281 2978 xxxa
316 2915 383 2979 Hic
408 2915 602 3000 aliquando,
619 2918 736 2992 serius,
763 2939 865 3001 quam
891 2918 959 3002 ipse
984 2917 1095 2993 vellet,
1115 2915 1176 2980 Cn.
1190 2919 1228 2982 67

34 3064 35 3067 κ
126 3021 311 3104 Pompeius
327 3020 537 3084 invitissimis
555 3021 605 3096 iis,
623 3021 682 3105 qui
704 3029 850 3085 mentem
866 3022 984 3105 optimi
1007 3043 1044 3085 ac
1069 3020 1177 3084 fortis-

35 3122 36 3187 }
125 3125 204 3189 simi
220 3125 283 3188 viri
299 3125 370 3188 suis
387 3124 534 3188 consiliis
552 3123 706 3208 fictisque
733 3124 914 3189 terroribus
937 3147 956 3188 a
979 3123 1172 3189 defensione

35 3214 36 3261 i
127 3249 221 3293 meae
236 3228 356 3291 salutis
373 3235 575 3304 averterant,
593 3229 758 3292 excitavit
775 3229 866 3292 illam
885 3249 979 3293 suam
1003 3250 1069 3293 non
1093 3230 1176 3314 sopi-

35 3384 36 3397 ,
129 3340 209 3407 tam,
234 3331 294 3396 sed
319 3332 509 3416 suspicione
535 3332 648 3417 aliqua
675 3332 877 3396 retardatam
902 3333 1178 3399 consuetudinem
1215 3352 1229 3396 5

129 3438 177 3501 rei
195 3436 348 3521 publicae
366 3435 449 3501 bene
466 3436 641 3523 gerendae.
689 3436 765 3499 Non
778 3445 830 3501 est
841 3459 957 3522 passus
972 3439 1028 3502 ille
1045 3439 1104 3513 vir,
1117 3437 1176 3522 qui
1215 3515 1216 3520 ἵ

129 3541 402 3606 sceleratissimos
418 3541 511 3618 civis,
528 3543 587 3627 qui
604 3543 780 3606 acerrimos
801 3543 916 3620 hostis,
934 3544 993 3627 qui
1016 3543 1175 3607 maximas

117 3646 293 3721 'nationes
318 3646 378 3730 qui
402 3668 507 3732 reges,
536 3647 595 3732 qui
620 3647 730 3733 gentis
759 3646 846 3710 feras
872 3655 972 3731 atque
999 3646 1174 3722 inauditas,

130 3751 189 3834 qui
216 3749 422 3834 praedonum
454 3751 620 3813 infinitam
647 3772 792 3827 manum,
819 3752 878 3836 qui
909 3753 1010 3816 etiam
1040 3752 1176 3816 servitia

129 3855 259 3919 virtute
276 3854 483 3938 victoriaque
503 3854 695 3932 domuisset,
714 3856 773 3940 qui
793 3855 945 3920 omnibus
970 3856 1066 3920 bellis
1091 3864 1178 3920 terra
1201 3871 1229 3916 10
