2800 4367
426 341 507 392 cur.
530 341 619 403 mcc,
642 342 657 404 r
679 341 798 392 rac-138.
1009 341 1014 363 ¹
1069 407 1072 414 ¹
1128 331 1192 396 239
1280 321 1283 330 '

57 514 99 576 rei
127 512 327 597 publicae.
374 511 452 576 Nou
478 534 518 578 ea
543 519 597 578 est
622 512 798 590 medicina,
822 535 898 579 cum
926 535 1024 580 sanae
1053 517 1139 602 parti

58 617 220 702 corporis
234 617 446 702 scalpellum
458 616 638 682 adhibetur
646 624 750 703 atque
764 619 933 705 integrae3
950 621 1141 684 carnificina
1177 637 1193 682 5
1267 701 1273 710 ι

60 731 108 786 est
136 722 219 786 ista
249 729 294 786 et
320 720 527 797 erudelitas3
553 722 585 786 ei
611 721 790 787 medentur
815 724 863 788 rei
890 723 1054 808 publicae,
1079 726 1138 809 qui

61 833 240 891 exsecant
271 832 406 910 pestem
429 825 578 911 aliquam
593 833 767 911 tamquam
792 833 955 892 strumam
979 829 1137 892 civitatis.

103 929 180 995 Sed
214 937 264 994 ut
295 937 485 994 extremum
510 929 633 996 habeat
654 930 785 1016 aliquid
808 931 914 996 oratio
937 952 1019 1008 mea,
1043 939 1078 996 et
1101 939 1212 1001 ut136

64 1059 125 1122 ego
159 1043 257 1102 ante
294 1031 429 1100 dicendi
462 1035 562 1100 finem
593 1034 715 1100 faciam
746 1055 847 1121 quam
883 1057 943 1101 vos
974 1037 1039 1101 mei
1070 1045 1138 1102 tam

64 1147 207 1206 attente
219 1138 403 1215 audiendi,
417 1139 616 1204 concludam
629 1139 715 1204 illud
728 1125 772 1204 de
783 1139 1001 1224 optimatibus
1014 1163 1141 1206 eorum-
1164 1159 1191 1203 ιο

65 1268 132 1330 que
163 1242 394 1330 principibus
421 1265 458 1308 ac
484 1244 533 1308 rei
560 1243 713 1329 publicae
738 1243 970 1309 defensoribus
999 1266 1137 1331 vosque,

66 1349 335 1424 adulescentes,
359 1349 477 1432 etqui
499 1347 628 1413 nobiles
652 1349 744 1424 estis,
760 1347 804 1413 ad
828 1349 990 1413 maiorum
1016 1357 1139 1414 vestre

66 1478 144 1518 rum
176 1453 417 1518 imitationem
440 1452 605 1529 excitabo,
631 1459 666 1518 et
692 1454 753 1538 qui
782 1453 917 1540 iugenio
944 1475 981 1517 ac
1010 1454 1137 1520 virtute

67 1560 302 1624 nobilitatem
341 1558 481 1642 potestis
519 1558 691 1643 consequi,
730 1564 765 1622 et
794 1579 866 1623 eam
898 1558 1071 1634 rationem,
1103 1559 1138 1622 in

67 1687 139 1750 qua
156 1663 274 1727 multi
289 1662 440 1727 homiues
457 1663 536 1728 novi
551 1670 586 1726 et
601 1662 726 1727 honore
750 1669 786 1726 et
813 1663 921 1749 gloria
944 1660 1138 1740 floruerunt,
1164 1681 1191 1726 15

68 1766 300 1834 cohortabor.
348 1765 440 1831 Haec
462 1774 597 1832 estune
620 1767 685 1843 via,
711 1766 790 1830 mihi
816 1765 952 1842 credite,
969 1773 1004 1832 et
1027 1767 1211 1832 laudis137

69 1883 106 1938 et
132 1857 328 1958 dignitatis
355 1879 391 1936 et
416 1871 560 1946 honoris,
588 1893 609 1935 a
635 1870 731 1935 bonis
759 1871 840 1936 viris
872 1870 1081 1955 sapientibus
1104 1881 1139 1938 et

69 1979 161 2042 bene
208 1982 336 2040 natura
364 1976 559 2040 constitutis
590 1974 721 2039 laudari
753 1987 788 2040 et
818 1974 926 2061 diligi,
959 1996 1056 2041 nosse
1092 1976 1139 2040 di·

69 2082 310 2167 scriptionem
324 2080 472 2146 civitatis
497 2100 518 2144 a
541 2078 722 2144 maioribus
746 2079 869 2144 nostris
892 2080 1138 2165 sapientissime
1237 2084 1240 2094 '

26 2200 27 2207 ’
70 2187 322 2261 constitutam,
339 2185 399 2270 qui
415 2206 628 2270 cumregum
652 2191 854 2268 potestatem
879 2205 945 2248 non
969 2185 1138 2264 tulissent,
1162 2203 1192 2249 20

71 2298 123 2358 ita
149 2293 379 2379 magistratus
401 2313 531 2357 annuos
555 2300 764 2369 creaverunt,
787 2300 826 2358 ut
849 2293 1026 2358 consilium
1048 2316 1140 2359 sena-

71 2410 133 2464 tus
151 2398 208 2463 rei
220 2395 376 2482 publicae
389 2403 633 2482 praeponerent
647 2398 899 2483 sempiternum,
912 2397 1140 2485 deligerentur

72 2512 203 2568 autem
227 2503 265 2564 in
288 2500 323 2564 id
345 2501 523 2566 consilium
547 2501 590 2566 ab
621 2502 780 2567 universo
808 2502 935 2588 populo
958 2503 1138 2589 aditusque

73 2611 110 2671 in
137 2608 246 2671 illum
271 2627 440 2670 summum
462 2605 612 2671 ordinem
630 2607 781 2670 omnium
804 2608 930 2672 civium
954 2607 1137 2673 industn'ae

73 2736 115 2777 ac
147 2711 279 2776 virtuti
308 2717 449 2795 pateret.
496 2708 659 2775 Senatum
690 2711 738 2775 rei
768 2710 922 2796 publicae
954 2712 1139 2789 custodem,
1163 2729 1192 2773 25

74 2815 287 2902 praesidem,
300 2821 582 2901 propugnatorem
592 2816 873 2891 conlocaverunt;
897 2816 998 2881 huius
1011 2817 1136 2882 ordinis

75 2920 292 2986 auctoritate
305 2920 357 2983 uti
369 2921 585 3006 magistratus
601 2926 636 2984 et
651 2921 750 3005 quasi
762 2921 932 2986 ministros
948 2922 1139 3007 gravissimi

76 3025 223 3090 consilii
251 3045 322 3088 esse
350 3024 552 3099 voluerunt3
576 3033 729 3089 senatum
757 3031 869 3090 autem
895 3027 1007 3110 ipsum
1030 3026 1155 3111 proxi--

77 3151 221 3194 morum
244 3127 400 3192 ordinum
430 3127 642 3212 splendorem
670 3129 874 3204 confirmare,
904 3129 1009 3214 plebis
1041 3129 1137 3195 liber-

78 3242 195 3299 tatem
236 3240 270 3296 et
307 3232 482 3298 commoda
519 3233 607 3297 tueri
644 3241 747 3318 atque
786 3255 908 3320 augere
947 3235 1139 3299 voluerunt.
1164 3251 1192 3295 ac

79 3355 191 3402 LXVI.
218 3336 311 3403 Haec
336 3338 395 3423 qui
418 3359 479 3422 pro
496 3338 586 3403 virili
611 3345 705 3423 parte
732 3337 930 3415 defendunt,
948 3345 1137 3423 optumates
1156 3337 1212 3400 138

79 3450 182 3517 sunt,
207 3442 451 3528 cuiuscumque
473 3450 556 3507 sunt
576 3442 721 3518 ordinis3
747 3443 807 3528 qui
828 3450 942 3508 autem
959 3444 1135 3528 praecipue

79 3548 158 3610 suis
185 3545 370 3611 cervicibus
386 3553 481 3611 tanta
497 3549 613 3610 munia
635 3553 738 3633 atque
766 3568 836 3612 rem
855 3546 1024 3632 publicam
1041 3549 1139 3613 susti·

29 3730 30 3733 Ἴ
81 3650 364 3737 nenthisemper
372 3651 799 3736 habitisuntoptumatium
810 3653 976 3737 principes
987 3659 1138 3717 auctores

29 3740 30 3793 ἶ
83 3757 555 3822 etconservatorescivitatis,
604 3756 695 3820 Huic
708 3755 882 3820 hominum
894 3759 1009 3843 generi
1019 3756 1177 3835 fateor,c

85 3868 127 3924 ut
144 3867 227 3925 aute
241 3859 323 3937 dixi,
339 3861 465 3924 multos
481 3860 699 3937 adversarios,
717 3861 881 3938 inimicos,
897 3860 1030 3926 invidos
1054 3883 1137 3939 esse,
