2800 4367
176 288 239 354 108
500 299 572 352 rao
595 299 626 351 r.
647 299 772 352 sunna
793 297 943 351 omno.

227 473 315 538 litati
339 472 513 538 consulere
537 493 639 556 quam
655 472 833 548 voluntati,
859 473 987 537 nemini
1012 471 1144 548 cedere,
1162 473 1261 540 multis

175 597 203 639 ao
225 577 395 643 obsistere.
442 576 477 640 Si
510 577 573 642 hoc
595 585 696 662 putas
720 599 792 642 esse
815 577 955 664 regium,
982 597 1036 641 me
1061 598 1177 663 regem
1207 600 1263 643 esse

226 681 409 757 confiteor3
431 682 486 744 sin
509 689 542 746 te
566 681 719 765 potentia
742 702 826 756 mea,
850 681 879 745 si
902 680 1103 757 dominatio,
1129 683 1159 746 si
1191 682 1266 746 deni-

227 807 293 871 que
316 785 456 870 aliquod
487 785 617 850 dictum
649 806 809 871 arrogans
841 791 902 849 aut
934 785 1124 869 superbum
1157 797 1267 862 moret,

227 891 309 975 quin
334 899 372 954 tu
397 889 432 952 id
455 890 568 974 potius
590 888 720 974 profers
754 910 855 974 quam
879 888 973 954 verbi
1005 889 1175 956 invidiam
1207 912 1269 954 con-

227 995 467 1079 tumeliamque
484 993 677 1058 maledicti?

174 1106 214 1167 Μ
269 1117 319 1164 1x.
352 1099 425 1185 Ego
450 1099 553 1163 tantis
578 1121 599 1163 a
622 1120 674 1163 me
699 1098 870 1164 beneficiis
895 1100 930 1161 in
954 1121 988 1164 re
1005 1099 1149 1184 publica
1165 1101 1271 1184 positis

225 1207 254 1268 si
270 1205 403 1268 nullum
429 1203 523 1268 aliud
547 1203 630 1266 milri
655 1203 841 1288 praemium
868 1202 910 1268 ab
933 1212 1055 1268 senatu
1084 1205 1273 1288 populoque

226 1309 377 1372 Romano
408 1308 472 1372 nisi
502 1307 682 1372 honestum
712 1308 821 1371 otium
851 1309 1068 1392 postularem,
1102 1310 1184 1392 quis
1215 1331 1274 1372 non

226 1411 450 1478 concederet?
495 1411 565 1476 Sibi
591 1411 754 1477 haberent
777 1412 930 1488 honoreS,
956 1411 1020 1476 sibi
1045 1413 1202 1496 imperia,
1219 1413 1276 1476 sibi

189 1517 424 1600 oprovincias,
449 1515 513 1580 sibi
545 1516 742 1600 triumphos
770 1516 835 1582 sibi
861 1517 926 1580 alia
952 1517 1146 1601 praeclarae
1172 1516 1276 1580 laudis

227 1621 389 1706 insignia3
414 1619 495 1683 mihi
523 1619 640 1684 liceret
666 1621 739 1684 eius
764 1619 990 1705 urbis,'quam
1016 1642 1277 1694 conservassem,

227 1732 408 1808 conspectu
435 1724 620 1808 tranquillo
645 1726 757 1788 animo
787 1734 823 1790 et
848 1727 963 1809 quieto
990 1724 1068 1789 frui.
1118 1725 1226 1803 Quid,
1252 1727 1279 1788 si

228 1829 290 1893 hoc
320 1850 387 1892 non
425 1828 587 1912 postulo?
624 1829 654 1892 si
693 1829 749 1893 illc
786 1829 881 1894 labor
910 1851 1004 1893 meus
1042 1830 1222 1912 pristinus,
1252 1831 1280 1892 si

227 1931 429 2008 sollicitudo,
454 1933 483 1996 si
507 1931 624 2009 officia,
648 1933 679 1996 si
702 1955 832 2018 operae,
858 1935 887 1998 si
916 1933 1050 2018 vigiliae
1080 1932 1282 1998 deserviunt

179 2053 206 2098 ιο
229 2035 353 2110 amicis,
375 2043 507 2119 praesto
532 2043 614 2100 sunt
639 2036 812 2112 omnibus;
836 2038 863 2100 si
890 2059 998 2122 neque
1024 2038 1122 2100 amici
1148 2039 1184 2099 in
1209 2037 1282 2101 foro

227 2140 405 2224 requirunt
431 2139 583 2203 studium
611 2162 722 2206 meum
746 2135 929 2224 nequeres
951 2139 1083 2224 publica
1107 2141 1142 2202 in
1168 2143 1281 2215 curia3

227 2245 256 2308 si
272 2265 324 2306 me
355 2265 422 2306 non
452 2243 551 2308 modo
589 2265 655 2307 non
695 2266 806 2308 rerum
844 2251 1014 2329 gestarum
1045 2246 1189 2318 vacatio,
1221 2245 1283 2308 sed

229 2370 339 2432 neque
355 2347 489 2412 honoris
507 2370 617 2432 neque
633 2349 753 2412 aetatis
764 2349 937 2412 excusatio
950 2347 1099 2411 vindicat
1115 2369 1135 2410 a
1147 2347 1282 2422 labore3

229 2453 257 2516 si
274 2452 431 2515 voluntas
457 2473 539 2527 mea,
567 2453 595 2516 si
620 2451 844 2524 industriam
869 2451 997 2526 domus,
1023 2452 1051 2514 si
1079 2452 1224 2525 animus,
1256 2454 1284 2514 si

178 2572 207 2616 15
229 2578 325 2620 aures
340 2563 458 2640 patent
474 2555 650 2630 omnibus3
674 2557 702 2619 si
728 2555 809 2618 mihi
835 2577 876 2618 ne
902 2555 944 2618 ad
969 2554 1174 2639 ecquidem,
1192 2577 1282 2638 quae

228 2683 287 2744 pro
325 2660 434 2724 salute
472 2659 620 2722 omnium
659 2660 757 2745 gessi,
789 2657 992 2722 recordanda
1029 2669 1063 2722 et
1101 2659 1284 2744 cogitanda

230 2765 410 2849 quicquam
441 2763 646 2847 relinquitur
677 2764 852 2847 temporis:
893 2770 1004 2827 tamen
1043 2762 1105 2826 hoc
1137 2785 1281 2849 regnum

229 2867 461 2952 appellabitur,
494 2868 589 2930 cuius
617 2867 761 2930 vicarius
800 2868 857 2952 qui
898 2868 981 2931 velit
1019 2888 1101 2942 esse,
1134 2867 1281 2932 inveniri

178 2975 326 3037 27ncmo
356 2972 491 3057 potest?
538 2971 652 3057 Longe
683 2971 778 3036 abest
800 2993 819 3034 a
842 2994 893 3036 me
918 2973 1012 3057 regni
1036 2972 1203 3054 suspicio;
1227 2973 1280 3034 sin

179 3091 207 3134 20
230 3078 373 3161 quaeris,
402 3077 460 3161 qui
487 3077 557 3140 sint
582 3077 706 3140 Romae
737 3097 878 3162 regnum
903 3096 1064 3161 occupare
1093 3076 1214 3150 conati,
1241 3083 1281 3138 ut

230 3202 271 3244 ne
302 3180 440 3263 replices
471 3180 643 3244 annalium
674 3182 874 3256 memoriam,
907 3203 948 3244 ex
980 3179 1171 3243 domesticis
1203 3181 1281 3242 ima-

230 3283 366 3370 ginibus
391 3285 552 3349 invenies.
600 3285 667 3348 Res
693 3286 782 3350 enim
813 3291 939 3370 gestae,
967 3283 1074 3358 credo,
1104 3304 1196 3347 meae
1228 3305 1279 3346 me

230 3389 330 3452 nimis
356 3388 555 3452 extulerunt
586 3409 624 3451 ae
655 3388 737 3451 mihi
769 3389 880 3453 nescio
909 3409 992 3471 quos
1024 3387 1162 3470 spiritus
1195 3395 1279 3451 attu-

230 3492 353 3555 lerunt.
400 3490 532 3570 Quibus
548 3491 589 3556 de
606 3491 704 3555 rebus
722 3498 789 3555 tam
813 3493 921 3566 claris,
941 3499 1008 3554 tam
1034 3491 1276 3562 inmortalibus,

180 3610 209 3654 25
232 3595 369 3670 iudices,
393 3595 455 3658 hoc
480 3604 617 3680 possum
644 3594 764 3670 dicere,
792 3616 854 3669 me,
880 3595 939 3678 qui
965 3616 1006 3658 ex
1032 3596 1170 3659 summis
1199 3595 1277 3679 peri-

233 3700 318 3762 culis
342 3699 518 3783 eripuerim
543 3698 657 3762 urbem
685 3699 770 3762 hano
789 3708 823 3762 et
839 3699 942 3761 vitam
968 3699 1117 3761 omnium
1144 3701 1276 3772 civium,

232 3805 313 3867 satis
340 3803 497 3889 adeptum
528 3802 608 3875 fore,
626 3804 653 3864 si
683 3825 724 3865 ex
750 3803 812 3864 hoc
829 3810 924 3863 tanto
949 3803 981 3862 in
1007 3802 1114 3864 omnis
1132 3803 1277 3866 mortalis
