2800 4367
208 329 270 394 166
566 341 772 394 urrsromu
795 317 1012 394 sunnonis(

225 519 316 580 2ero
332 535 410 578 cum
425 515 550 598 paucis,
567 512 820 578 multitudinem
845 512 1022 578 dimittam.
1071 511 1126 578 Me
1149 523 1217 580 tuae
1237 515 1277 580 lit
1359 525 1371 568 1

258 627 348 683 terae
366 638 550 702 numquam
574 619 607 681 in
632 625 761 681 tantam
783 639 877 702 spem
899 617 1126 694 adduxerunt,
1143 629 1279 703 quantam
1321 702 1326 711 Ι
1365 631 1371 672 ²

257 723 417 796 aliorum;
440 743 477 786 ac
502 729 614 785 tamen
638 742 711 786 mea
726 743 802 806 spes
825 723 927 786 etiam
943 723 1078 786 tenuior
1093 723 1279 808 semperluit
1339 737 1371 807 ᾖ

206 843 234 887 rs
256 847 358 912 quam
373 819 451 890 tuae
474 825 614 890 litterae.
662 823 730 890 Sed
752 833 876 902 tamen,
900 827 1059 910 quoniam
1075 834 1222 911 coeptum
1240 836 1281 892 est

257 932 322 1018 agi,
339 951 476 1015 quoquo
492 928 590 993 modo
606 938 763 1015 coeptum
779 938 831 994 est
846 937 881 994 et
895 951 1109 1014 quacumque
1129 931 1168 995 de
1190 953 1281 1007 causa,

259 1056 324 1099 non
337 1035 486 1100 deseram
499 1055 609 1118 neque
622 1035 739 1118 optimi
753 1041 855 1118 atque
871 1035 962 1099 unici
985 1033 1099 1098 fratris
1115 1036 1239 1100 miseras
1252 1057 1283 1099 ac

168 1167 171 1172 ·
257 1141 427 1204 luctuosas
449 1161 563 1223 preces
587 1160 647 1203 nec
671 1137 780 1202 Sestii'
796 1146 1050 1224 ceterorumque
1066 1141 1221 1224 promissa
1235 1162 1284 1204 nec

157 1321 165 1336 ·
258 1266 350 1328 spem
366 1243 676 1307 aerumnosissimae
699 1242 849 1307 mulieris
871 1243 1047 1308 Terentiae
1076 1265 1137 1308 nec
1164 1245 1286 1308 miserri-

205 1335 241 1409 so¹
256 1371 328 1413 mae
359 1348 526 1411 Tulliolae
558 1346 819 1412 obsecrationem
851 1354 885 1411 et
916 1346 1030 1411 fideles
1054 1347 1182 1414 litteras
1204 1356 1285 1412 tuas:

258 1452 337 1516 mihi
357 1452 479 1536 Epirus
502 1459 562 1515 aut
585 1453 649 1515 iter
663 1451 706 1515 ad
722 1452 864 1515 salutem
887 1451 982 1516 dabit
996 1460 1057 1516 aut
1080 1452 1171 1537 quod
1186 1452 1288 1536 scripsi

224 1561 243 1622 3
260 1579 368 1641 supra.
415 1556 464 1620 Te
488 1577 544 1619 oro
568 1563 603 1619 et
625 1555 769 1631 obsecre,
787 1556 827 1617 T.
846 1554 1020 1640 Pomponi,
1036 1557 1063 1620 si
1082 1577 1133 1621 me
1150 1555 1287 1620 omnibus

257 1661 478 1746 amplissimis,
495 1660 675 1724 carissimis
697 1659 1015 1744 iucundissimisque
1041 1658 1140 1724 rebus
1167 1659 1289 1747 perfidia

258 1767 430 1830 hominum
445 1763 637 1848 spoliatum,
654 1765 682 1827 si
700 1785 751 1828 me
769 1787 788 1827 a
814 1765 896 1827 meis
918 1764 1118 1828 consiliariis
1135 1749 1288 1850 proditum

204 1888 233 1931 ar
256 1879 290 1934 et
309 1870 491 1954 proiectum
509 1867 611 1944 vides,
628 1869 656 1932 si
674 1868 836 1954 intelligis
853 1889 905 1932 me
922 1875 1085 1944 coactum,
1104 1876 1144 1932 ut
1166 1870 1231 1952 ipse
1246 1889 1290 1931 me

258 1984 293 2039 et
315 1995 404 2038 meos
432 1971 614 2057 perderem,
632 1979 672 2035 ut
695 1994 747 2035 me
764 1980 823 2035 tua
840 1971 1064 2036 misericordia
1081 1973 1176 2038 iuves
1202 1979 1235 2038 et
1255 1971 1290 2050 Q.

257 2079 403 2153 fratrem,
431 2078 491 2161 qui
517 2083 629 2160 potest
655 2097 728 2140 esse
752 2076 876 2152 salvus,
904 2084 1085 2152 sustentes
1111 2077 1290 2142 Terentiam

257 2183 445 2266 liberosque
473 2203 563 2245 meos
591 2188 716 2257 tueare,
734 2203 796 2257 me,
813 2182 841 2244 si
861 2188 960 2266 putas
984 2189 1017 2245 te
1042 2181 1118 2246 istic
1142 2182 1291 2254 visurum,
1369 2243 1370 2246 ,

257 2293 440 2370 exspectes,
462 2286 489 2349 si
514 2286 634 2359 minus,
653 2285 787 2360 invisas,
812 2285 840 2348 si
866 2294 970 2369 potes,
989 2285 1138 2369 mihique
1160 2307 1201 2350 ex
1221 2305 1292 2371 agro
1357 2302 1363 2351 3

204 2408 234 2452 so
255 2400 314 2455 tuo
338 2398 471 2455 tantum
498 2390 656 2474 assignes,
681 2394 847 2473 quantum
880 2411 953 2454 meo
984 2411 1120 2474 corpore
1149 2389 1291 2474 occupari
1366 2429 1367 2436 κ

257 2503 377 2581 potest,
394 2502 429 2559 et
451 2515 579 2579 pueros¹
595 2492 638 2556 ad
660 2515 712 2557 me
737 2515 815 2557 cum
838 2494 959 2559 litteris
982 2516 1085 2579 quam
1105 2495 1245 2579 primum
1263 2500 1293 2556 et
1365 2523 1366 2548 r

259 2622 361 2686 quam
377 2599 568 2684 saepissime
584 2598 709 2661 mittas.
757 2598 846 2661 Data
863 2615 940 2663 xvl.
958 2598 1035 2663 Kal.
1053 2586 1232 2665 Octobres

647 2851 897 2862 ..—

742 3037 822 3100 XX.

673 3212 761 3269 (Μ.
778 3223 835 3258 xrv.
850 3211 888 3266 2.)

324 3376 482 3426 TULLIUS
514 3377 542 3425 S.
571 3377 606 3422 D.
635 3374 849 3422 TERENTIAE
878 3375 923 3422 ET
951 3373 1158 3424 TULLIOLAE
1180 3375 1224 3422 ET

639 3479 813 3527 CICERONI
840 3478 929 3528 SUIS.

214 3638 231 3698 1
297 3639 375 3704 Noli
406 3646 525 3725 putare
557 3660 609 3702 me
640 3636 683 3701 ad
710 3657 912 3721 quemquam
943 3637 1110 3723 longiores
1142 3633 1285 3721 epistolas

257 3745 408 3821 scribere,
440 3744 505 3808 nisi
535 3743 564 3807 si
595 3743 671 3826 quis
702 3741 745 3805 ad
772 3763 823 3805 me
852 3741 949 3824 plura
971 3741 1115 3826 scripsit,
1140 3741 1195 3804 cui
1216 3743 1286 3823 puto

258 3849 393 3913 rescribi
417 3854 588 3931 oportere3
614 3868 673 3909 uec
698 3847 787 3909 enirn
810 3843 925 3919 habe0,
950 3844 1042 3928 quod
1065 3843 1213 3920 scribam,
1236 3859 1310 3903 nec.
