2800 4367
205 337 268 403 170
552 347 760 397 srrsromr
782 346 980 398 sacrosan.

257 531 324 586 tem
340 520 403 584 dic.
449 518 581 584 Valete.
610 518 652 581 Ι).
669 539 699 582 a.
717 517 747 583 d.
766 535 817 581 vn
836 517 877 580 K.
895 517 1070 583 Decembr.
1091 518 1274 603 Dyrrhachii.

226 624 504 711 lDyrrhachiuru
522 623 611 698 veni,
628 620 720 706 qnod
736 630 771 687 et
789 621 895 686 libera
917 623 1037 686 civitas
1060 630 1112 686 est
1131 629 1162 686 et
1180 623 1209 686 in
1227 645 1276 686 me

256 729 402 794 officiosa
431 736 467 792 et
495 727 648 812 proxima
679 725 817 801 Italiae3
840 724 911 802 sed,
927 727 956 790 si
980 723 1128 791 offendet
1150 747 1195 790 me
1219 727 1280 790 loci

203 851 233 896 cs
255 832 439 908 celebritas,
456 831 522 897 alio
538 853 590 896 me
606 828 797 905 conferam3
821 829 865 894 ad
881 837 914 896 te
930 830 1084 896 scribam.

704 1279 823 1344 XXII.

633 1453 693 1510 (An
708 1455 781 1500 Fan.
799 1466 855 1500 xrv.
870 1455 905 1508 a)

297 1617 454 1682 numius
477 1617 505 1664 s.
529 1618 563 1664 D.
587 1617 798 1664 rnasurmn
821 1617 918 1682 suan
940 1617 986 1664 nr
1009 1614 1170 1692 rnnmnn
1190 1616 1231 1662 nr

673 1721 855 1769 mousom.

228 1878 245 1938 1
301 1880 426 1964 Accepi
443 1879 485 1943 ab
497 1879 699 1945 Aristocrito
716 1887 783 1943 tres
800 1879 968 1964 epistolas,
980 1900 1064 1963 quas
1080 1901 1143 1966 ego
1159 1878 1299 1942 lacrimis
1363 1865 1364 1888 ³

256 2005 359 2068 prope
375 1983 505 2058 dele'vi3
529 1984 685 2048 conficior·
700 1985 791 2048 enim
807 2004 964 2059 nraerore,
978 2004 1050 2047 mea
1062 1983 1227 2058 Terentia,
1237 2003 1299 2045 nec

248 2109 338 2152 meae
355 2109 407 2151 me
425 2087 574 2151 miseriae
597 2089 703 2174 magis
728 2088 924 2152 excruciant
940 2107 1040 2171 quam
1066 2094 1145 2152 tuae
1163 2093 1300 2151 vestrae-

257 2214 333 2277 que,
350 2213 413 2277 ego
439 2199 553 2255 autem
584 2191 646 2255 hoc
678 2192 829 2256 miserior
859 2213 934 2255 sum
965 2212 1065 2275 quam
1094 2199 1143 2268 tu,
1160 2213 1244 2275 quae
1267 2211 1300 2253 es

217 2313 233 2358 r
254 2297 447 2372 miserrima,
464 2295 555 2380 quod
570 2297 642 2379 ipsa
658 2296 828 2361 calamitas
845 2296 1031 2360 communis
1053 2303 1105 2360 est
1128 2296 1299 2380 utriusque
1362 2335 1363 2392 3

257 2400 494 2476 nostru1n,sed
517 2401 616 2485 culpa
641 2423 714 2465 mea
740 2401 873 2486 propria
895 2409 957 2465 est.
1005 2399 1121 2465 Meum
1146 2400 1214 2464 fuit
1237 2398 1302 2464 olli·
1362 2393 1363 2396 '

256 2506 343 2568 cium
366 2506 419 2569 vel
446 2506 613 2590 legatione
636 2505 743 2570 vitare
771 2505 958 2590 periculum
989 2504 1043 2570 vel
1070 2504 1247 2591 diligentia
1269 2510 1301 2567 et

257 2610 361 2694 copiis
385 2610 536 2672 resistere
560 2610 616 2673 vel
647 2608 764 2673 cadere
792 2608 944 2674 fortiter:
968 2609 1032 2674 hoc
1057 2610 1220 2685 miseriae,
1238 2616 1302 2673 tur-

217 2710 346 2797 2pins,
365 2712 537 2799 indignius
569 2713 664 2777 nobis
695 2713 781 2777 nihil
813 2713 889 2777 fuit.
938 2712 1050 2792 Quare
1082 2735 1157 2778 curn
1190 2713 1300 2777 dolore

203 2833 232 2878 10
253 2817 419 2892 conficior,
431 2825 503 2880 tum
521 2818 621 2881 etiam
638 2816 783 2902 pudore:
808 2817 916 2902 pudet
931 2819 1021 2882 enim
1033 2840 1085 2882 me
1098 2819 1196 2882 uxori
1211 2838 1300 2882 meae

255 2923 410 3006 optimae,
426 2922 634 2987 suavissimis
651 2921 765 2986 liberis
781 2922 943 2987 virtutem
959 2931 994 2987 et
1009 2922 1219 3009 diligentiam
1230 2921 1299 3004 'non

254 3027 480 3109 praestitisse3
504 3048 580 3090 nam
597 3027 678 3090 mihi
698 3035 775 3092 ante
800 3027 915 3092 oculos
940 3027 1010 3092 dies
1034 3035 1217 3112 noctesque
1234 3048 1299 3092 ver·
1361 3043 1362 3054 ¹

254 3136 348 3192 satur
363 3131 499 3213 squalor
514 3139 626 3196 vester
641 3140 676 3196 et
698 3154 827 3197 maeror
850 3140 885 3197 et
907 3132 1082 3196 infirmitas
1099 3130 1298 3196 valetudinis

255 3239 343 3308 tuae,
360 3254 435 3317 spes
450 3241 563 3300 autem
578 3236 699 3300 salutis
723 3237 895 3321 pertenuis
926 3235 1124 3300 ostenditur.
1171 3232 1296 3298 Inimici

202 3352 230 3396 15
252 3343 334 3400 sunt
356 3337 465 3412 multi,
482 3338 589 3402 invidi
617 3360 721 3424 paene
747 3361 877 3404 omnes:
903 3341 1021 3404 eiicere
1053 3360 1113 3403 nos
1144 3358 1295 3430 magnum

254 3440 331 3517 fuit,
348 3439 527 3505 excludere
543 3441 640 3507 facile
657 3449 728 3518 est3
751 3442 811 3508 sed
827 3451 948 3519 tamen,
962 3443 1124 3528 quamdiu
1136 3464 1195 3508 vos
1211 3440 1294 3506 eritis

225 3616 228 3623 .,
255 3545 289 3608 in
319 3568 388 3631 spe,
412 3568 480 3610 non
510 3545 670 3642 deficiam,
695 3569 737 3611 ne
769 3548 880 3612 onmia
910 3570 983 3612 mea
1014 3549 1113 3636 culpa
1144 3547 1294 3613 cecidisse
1360 3583 1361 3612 r

212 3652 231 3714 3
255 3651 444 3715 videantur.
500 3649 550 3715 Ut
573 3659 648 3716 tuto
674 3652 748 3728 sim,
766 3653 857 3736 qnod
879 3653 1019 3729 laboras,
1043 3653 1078 3716 id
1103 3644 1189 3716 mihi
1212 3670 1291 3716 nunc

254 3753 451 3819 facillimum
469 3763 531 3829 est,
549 3777 647 3839 quem
665 3757 766 3820 etiam
783 3757 909 3820 inimici
925 3759 1047 3821 volunt
1062 3758 1176 3822 vivere
1193 3757 1226 3819 in
1247 3754 1291 3817 his

201 3874 232 3918 ao
253 3861 357 3923 tantis
394 3859 535 3921 miseriis
549 3881 557 3930 ;
596 3879 657 3941 ego
693 3866 805 3921 tamen
844 3858 974 3935 faciam,
1007 3881 1092 3942 quae
1119 3857 1288 3944 praecipis.
