2800 4367
397 836 449 909 M.
479 837 629 911 sunni
664 836 932 940 oronaoms

231 1042 354 1127 PRO
383 1042 611 1126 Ancum
645 1043 835 1124 rouen
867 1042 1094 1125 numni
1192 995 1194 1000 ’

427 1259 591 1320 ORATIO
625 1261 685 1319 AD
717 1260 902 1321 IUDIOES.

181 1663 210 1708 1.
245 1643 281 1709 si
306 1643 459 1729 quidest
489 1644 523 1706 in
549 1665 600 1707 me
629 1644 765 1728 ingenii,
792 1643 929 1718 iudices,
960 1641 1053 1727 quod
1079 1644 1187 1709 sentio
1224 1649 1239 1708 1

131 1770 247 1833 quam
273 1748 318 1811 sit
345 1748 517 1832 exiguum,
533 1754 593 1810 aut
620 1748 649 1810 si
675 1769 743 1830 qua
769 1747 964 1810 exercitatio
991 1746 1135 1823 dicendi,
1153 1750 1188 1811 in

132 1873 211 1936 qua
227 1873 364 1916 menon
388 1850 513 1914 infitior
539 1850 750 1914 mediocriter
777 1872 848 1914 esse
874 1858 1053 1926 versatum,
1077 1859 1137 1915 aut
1159 1854 1187 1916 si

133 1956 281 2020 huiusce
299 1957 346 2020 rei
362 1956 446 2018 ratio
461 1954 576 2039 aliqua
592 1954 633 2018 ab
649 1955 850 2038 optimarum
874 1957 995 2018 artium
1012 1955 1133 2019 studiis
1149 1979 1186 2020 ac

135 2060 320 2145 disciplina
343 2058 502 2144 profecta,
518 2080 538 2121 a
554 2079 622 2142 qua
637 2081 700 2145 ego
726 2060 858 2122 nullum
885 2059 1046 2124 confiteor
1072 2061 1190 2124 aetatis
1219 2077 1242 2150 ’ὅ

137 2186 235 2229 meae
252 2173 384 2248 tempus
400 2163 619 2239 abhorruisse3
636 2185 750 2228 earum
777 2186 887 2228 rerum
910 2165 1059 2228 omnium
1077 2164 1130 2228 vel
1153 2166 1188 2227 in

139 2270 258 2353 primis
275 2270 327 2334 hio
345 2270 386 2332 A.
403 2268 554 2332 Licinius
572 2266 722 2332 fructum
737 2291 756 2333 a
769 2291 823 2334 me
841 2276 989 2354 repetere
1007 2291 1107 2354 prope
1124 2290 1185 2333 suo

140 2374 215 2438 iure
239 2373 348 2439 debet.
395 2372 492 2449 Nam,
509 2371 621 2456 quoad
644 2373 837 2459 longissime
863 2381 973 2458 potest
998 2396 1088 2438 mens
1114 2395 1185 2437 mea

143 2480 303 2563 respicere
319 2479 467 2563 spatium
482 2478 653 2561 praeteriti
671 2479 829 2562 temporis
847 2485 882 2541 et
894 2478 1056 2560 pueritiae
1067 2499 1186 2541 memo·

143 2583 224 2645 riam
240 2582 404 2648 recordari
420 2582 582 2657 ultimam,
596 2581 674 2646 inde
691 2603 797 2666 usque
815 2589 967 2665 repetens
990 2582 1079 2646 huuc
1091 2581 1188 2647 video
1212 2599 1241 2644 10

142 2687 223 2750 mihi
245 2687 430 2770 prinoipem
451 2693 487 2750 et
503 2684 547 2749 ad
562 2686 810 2770 suscipiendam
826 2693 861 2749 et
876 2685 918 2748 ad
936 2685 1185 2771 ingrediendam

142 2791 303 2855 rationem
320 2791 438 2854 horum
454 2789 642 2854 studiorum
661 2791 825 2855 extitisse.
872 2789 1003 2868 Quodsi
1021 2790 1101 2854 haec
1119 2813 1185 2855 vox

142 2894 242 2960 huius
257 2896 394 2958 hortatu
410 2894 662 2978 praeceptisque
686 2894 894 2960 conformata
917 2917 985 2959 non
1012 2894 1114 2958 nullis
1131 2896 1187 2964 ali-

141 2999 276 3081 quando
306 2999 409 3062 saluti
441 2997 517 3072 fuit,
545 3019 564 3060 a
589 3018 658 3082 quo
683 2996 719 3060 id
743 3000 941 3083 accepimus,
970 3021 1036 3084 quo
1064 3001 1183 3065 ceteris

142 3103 298 3186 opitulari
311 3110 345 3166 et
370 3102 452 3166 alios
476 3121 607 3165 servare
634 3122 816 3185 possemus,
834 3103 911 3168 huie
938 3103 1086 3187 profecto
1112 3104 1187 3188 ipsi,
1212 3121 1239 3165 15

142 3214 306 3290 quantum
323 3214 374 3270 est
388 3207 493 3270 situm
519 3205 554 3267 in
580 3205 684 3280 nobis,
701 3213 737 3269 et
752 3227 849 3289 opem
874 3214 910 3271 et
930 3207 1074 3272 salutem
1099 3207 1183 3272 ferre

141 3309 309 3376 debemus.
355 3310 408 3374 Ac
425 3331 466 3373 ne
492 3309 569 3393 quis
585 3329 605 3371 a
621 3309 716 3374 nobis
742 3309 804 3373 hoc
822 3310 869 3374 ita
885 3310 953 3375 dici
978 3311 1065 3377 forte
1093 3313 1186 3377 mire·
1220 3317 1240 3378 2

142 3421 206 3492 tur,
223 3414 315 3500 quod
329 3415 394 3478 alia
409 3412 574 3498 quaedam
590 3413 624 3475 in
640 3413 702 3477 hoe
720 3412 862 3478 facultas
875 3415 920 3479 sit
935 3415 1062 3501 ingenii
1074 3439 1183 3501 neque

141 3517 220 3584 haec
236 3518 369 3583 dicendi
386 3519 470 3582 ratio
497 3525 558 3582 aut
585 3517 771 3602 disciplina,
789 3540 830 3582 ne
857 3541 916 3583 nos
943 3519 1080 3603 quidem
1106 3521 1183 3586 huic

142 3627 200 3688 uni
230 3624 344 3689 studio
375 3625 510 3709 penitus
543 3645 703 3708 umquam
734 3621 840 3687 dediti
869 3622 1004 3687 fuimus.
1041 3625 1188 3690 ¹Etenim
1210 3640 1240 3686 20

139 3751 255 3794 omnes
279 3737 377 3804 artes,
404 3751 490 3813 quae
516 3728 559 3792 ad
584 3729 827 3791 humanitatem
856 3727 1033 3811 pertinent,
1061 3729 1186 3794 habent

141 3833 310 3919 quoddam
337 3853 512 3897 commune
530 3834 681 3898 vinclum
707 3842 740 3896 et
757 3833 854 3917 quasi
882 3831 1080 3916 cognatione
1109 3855 1188 3919 qna-

650 3939 699 3987 315
