2800 4367
189 310 231 373 66
516 318 589 369 rao
611 318 642 369 n.
668 316 829 369 nuaram
852 316 1000 367 enarro.

187 564 193 574 ,
239 514 303 557 sua
328 500 363 556 et
388 492 542 577 cogitant
565 496 601 554 et
626 489 874 573 cogitaverunt.
920 486 1053 551 Horum
1080 509 1142 573 ego
1169 486 1311 553 cotidie

241 596 389 661 consiliis
428 615 576 669 occurre,
615 590 789 655 audaciam
825 590 974 667 debilito,
1005 591 1125 655 sceleri
1162 594 1309 657 resisto.

190 716 219 761 40
243 699 309 764 Sed
325 720 453 773 moneo,
470 695 617 761 iudices:
642 695 683 759 Iu
700 696 796 759 exitu
812 694 878 758 iam
894 702 948 758 est
963 715 1057 759 meus
1073 697 1285 761 consulatus
1299 722 1308 770 ;

240 804 344 868 nolite
361 802 443 865 mihi
458 800 654 865 subtrahere
673 799 835 864 vicarium
850 818 944 863 meae
961 797 1170 884 diligentiae,
1189 801 1308 863 nolite

240 906 384 973 adimere
397 928 485 981 eum,
498 906 552 969 cui
569 926 637 969 rem
654 903 823 988 publicam
834 903 934 987 cupio
946 901 1078 968 tradere
1089 898 1308 969 incolumem
1388 961 1389 1010 ἶ

241 1010 282 1075 ab
298 1010 349 1075 his
366 1011 469 1075 tantis
486 1009 645 1093 periculis
662 1005 920 1071 defendendam.
1388 1087 1389 1098 ἵ

189 1118 226 1179 81
289 1132 450 1179 xxxvm.
475 1114 593 1197 Atque
609 1111 652 1176 ad
675 1111 756 1175 haec
779 1111 876 1186 mala,
893 1109 1032 1188 iudices,
1048 1112 1133 1197 quid
1154 1114 1309 1179 accedat

240 1216 343 1291 aliud,
356 1239 422 1281 non
434 1216 581 1283 videtis?
627 1216 687 1289 Te,
700 1223 734 1279 te
746 1216 891 1300 appello,
904 1214 1010 1291 Oat03
1033 1237 1145 1281 nonne
1167 1220 1308 1303 prospi-

240 1322 288 1387 ois
305 1328 540 1406 tempestatem
557 1320 636 1383 anni
652 1320 729 1383 tui?
774 1319 846 1383 Iam
861 1320 952 1385 enim
967 1320 1124 1385 besterna
1135 1323 1307 1388 contione
1388 1407 1389 1410 Ἴ

241 1427 391 1490 intonuit
406 1448 473 1491 vox
496 1425 683 1510 perniciosa
708 1423 875 1511 designati
900 1424 1038 1499 tribuni,
1055 1425 1205 1511 collegae
1221 1429 1305 1503 tui3
1388 1421 1390 1503 ζ

151 1546 157 1557 ’
203 1539 357 1595 reontra
382 1552 482 1614 quem
512 1531 657 1593 inultum
685 1537 745 1593 tua
770 1550 875 1605 mens,
903 1529 1049 1593 multum
1075 1552 1190 1595 omnes
1214 1530 1306 1595 boni

241 1633 471 1718 providerunt,
485 1635 543 1718 qui
560 1641 593 1699 te
604 1633 646 1697 ad
659 1634 851 1698 tribunatus
862 1634 1059 1717 petitionem
1072 1644 1303 1700 vocaverunt.

241 1736 373 1811 Omnia,
398 1758 483 1820 quae
508 1758 568 1820 per
591 1736 653 1801 hoc
681 1738 865 1801 triennium
890 1737 1017 1822 agitata
1037 1744 1128 1812 sunt,
1151 1737 1219 1800 iam
1256 1740 1305 1803 ab

241 1863 281 1904 eo
308 1848 467 1924 tempore,
497 1863 564 1925 quo
590 1862 609 1903 a
637 1841 674 1903 L.
705 1842 853 1905 Catilina
880 1849 915 1905 et
939 1839 1001 1903 Cn.
1018 1840 1143 1906 Pisone
1167 1843 1303 1907 initum

240 1944 418 2009 consilium
435 1952 570 2009 senatus
600 1945 821 2009 interficiendi
846 1945 939 2008 scitis
964 1966 1046 2020 esse,
1063 1946 1098 2007 in
1123 1945 1183 2009 hos
1208 1946 1301 2024 dies,

190 2051 277 2115 sain
295 2049 354 2113 hos
382 2071 522 2124 mansee,
551 2050 586 2111 in
611 2050 673 2113 hoc
701 2057 835 2133 tempus
862 2056 1051 2133 erumpunt.
1100 2050 1169 2129 Qui
1196 2052 1301 2117 locus

191 2168 218 2213 11
240 2160 301 2228 est,
320 2152 457 2229 iudices,
477 2153 569 2238 quod
596 2161 738 2236 ternpus,
757 2154 815 2237 qui
832 2152 913 2229 dies,
931 2175 1017 2237 quac
1040 2176 1117 2229 nox,
1134 2175 1211 2217 cum
1227 2177 1300 2241 ego

240 2278 308 2319 non
338 2280 380 2321 ex
413 2259 552 2322 istorum
586 2256 716 2320 insidiis
754 2278 791 2320 ac
826 2257 1040 2321 mucronibus
1075 2278 1143 2321 non
1180 2259 1299 2324 solum
1350 2258 1353 2261 ’

242 2382 324 2436 mec,
353 2360 414 2427 sed
440 2362 548 2425 multo
584 2361 684 2433 etiarn
712 2362 819 2446 magis
851 2361 966 2425 divino
997 2362 1138 2427 consilio
1169 2364 1300 2449 eripiar

241 2472 343 2549 atque
361 2466 515 2531 evolem?
560 2464 679 2549 Neque
696 2465 753 2528 isti
776 2486 828 2529 me
844 2487 918 2529 meo
934 2466 1069 2530 nomine
1092 2468 1296 2546 interficere,

191 2584 219 2629 15
240 2567 300 2631 sed
331 2569 529 2654 vigilantem
560 2569 731 2633 consulem
770 2568 811 2633 de
849 2570 896 2634 rei
934 2569 1086 2654 publicae
1125 2571 1296 2656 praesidio

241 2670 416 2736 demovere
444 2674 585 2747 volunt;
610 2695 671 2737 nec
697 2674 808 2736 minus
837 2674 973 2750 vellent,
991 2674 1086 2751 Cato,
1104 2685 1137 2740 te
1154 2698 1295 2760 quoque
1359 2732 1363 2739 .
1388 2743 1389 2756 ¹

214 2828 216 2835 Α
241 2776 355 2859 aliqua
370 2777 510 2850 ratione,
527 2778 555 2840 si
572 2785 718 2861 possent,
738 2777 875 2851 tollere3
900 2776 935 2840 id
958 2779 1060 2862 quod,
1077 2779 1159 2843 mihi
1182 2780 1293 2856 crede,

242 2886 277 2943 et
306 2888 413 2965 agunt
443 2890 477 2943 et
507 2882 700 2944 moliuntun
749 2880 888 2955 Vident,
920 2891 1086 2965 quantum
1118 2885 1153 2946 in
1183 2891 1217 2949 te
1246 2886 1295 2949 sit
1388 2925 1389 2950 a

241 2984 353 3059 animi,
386 2993 551 3068 quantum
582 2986 720 3070 ingenii,
750 2992 915 3068 quantum
943 2987 1164 3070 auctoritatis,
1189 3010 1294 3072 quan·
1388 3015 1389 3068 3

190 3098 220 3143 20
241 3095 314 3150 turn
324 3088 377 3151 rei
394 3087 545 3171 publicae
562 3088 717 3172 praesidii
734 3111 741 3161 3
765 3086 834 3162 sed,
852 3109 929 3150 oum
957 3089 1122 3150 consulari
1150 3093 1295 3158 auctori·
1388 3073 1389 3090 Χ

242 3198 310 3255 tate
349 3199 383 3256 et
412 3192 538 3255 auxilio
576 3192 754 3279 spoliatam
783 3191 852 3254 vim
891 3189 1102 3254 tribuniciam
1134 3191 1291 3273 viderint,

241 3302 313 3359 turn
330 3318 365 3360 se
381 3295 514 3362 facilius
541 3296 700 3359 inermem
718 3302 753 3357 et
779 3293 991 3358 debilitatum
1018 3300 1052 3357 te
1076 3314 1292 3379 oppressuros

243 3399 454 3464 arbitrantur.
502 3399 597 3475 Nam,
626 3421 667 3462 ne
698 3398 884 3461 sufficiatur
914 3399 1040 3473 consul,
1067 3419 1135 3461 non
1157 3401 1290 3466 timent.
1388 3425 1389 3450 ἐ

243 3502 371 3567 Vident
386 3504 421 3566 in
452 3510 587 3568 tuorum
615 3509 780 3587 potestate
809 3502 1013 3588 collegarum
1039 3501 1130 3579 fore3
1154 3513 1291 3587 sperant
1388 3543 1389 3564 2

191 3618 221 3663 25
242 3607 305 3671 sibi
329 3608 371 3669 D.
398 3607 559 3681 Silanum,
589 3608 715 3671 clarum
744 3607 864 3682 virum,
892 3608 963 3671 siue
991 3607 1129 3695 collega,
1158 3616 1190 3672 te
1217 3610 1289 3673 sine

243 3711 391 3786 consule,
430 3734 499 3776 rem
538 3712 707 3796 publicam
744 3711 816 3775 sine
854 3711 1021 3796 praesidio
1059 3712 1145 3777 obici
1183 3734 1288 3797 posse.

190 3815 232 3882 83
247 3812 322 3877 His·
338 3816 442 3880 tantis
466 3818 502 3880 in
527 3816 626 3881 rebus
654 3816 826 3902 tantisque
851 3817 886 3879 in
911 3818 1067 3901 periculis
1098 3823 1151 3881 est
1180 3823 1286 3891 tuum,
