<?xml version="1.0" encoding="UTF-8"?>
<!DOCTYPE html PUBLIC "-//W3C//DTD XHTML 1.0 Transitional//EN"
    "http://www.w3.org/TR/xhtml1/DTD/xhtml1-transitional.dtd">
<html xmlns="http://www.w3.org/1999/xhtml" xml:lang="en" lang="en">
 <head>
  <title>
</title>
<meta http-equiv="Content-Type" content="text/html;charset=utf-8" />
  <meta name='ocr-system' content='tesseract 3.04.00' />
  <meta name='ocr-capabilities' content='ocr_page ocr_carea ocr_par ocr_line ocrx_word'/>
</head>
<body>
  <div class='ocr_page' id='page_1' title='image "./selectedoration01cicegoog_0067.png"; bbox 0 0 2800 4367; ppageno 0'>
   <div class='ocr_carea' id='block_1_1' title="bbox 487 328 1228 399">
    <p class='ocr_par' dir='ltr' id='par_1_1' title="bbox 487 328 1228 399">
     <span class='ocr_line' id='line_1_1' title="bbox 487 328 1228 399; baseline 0.009 -13"><span class='ocrx_word' id='word_1_1' title='bbox 487 335 568 387; x_wconf 74' lang='lat' dir='ltr'>cAP.</span> <span class='ocrx_word' id='word_1_2' title='bbox 590 336 679 399; x_wconf 70' lang='lat' dir='ltr'>aser,</span> <span class='ocrx_word' id='word_1_3' title='bbox 704 339 719 399; x_wconf 74' lang='lat' dir='ltr'>s</span> <span class='ocrx_word' id='word_1_4' title='bbox 741 337 830 389; x_wconf 70' lang='lat' dir='ltr'>raso.</span> <span class='ocrx_word' id='word_1_5' title='bbox 1185 328 1228 393; x_wconf 88' lang='grc'>65</span> 
     </span>
    </p>
   </div>
   <div class='ocr_carea' id='block_1_2' title="bbox 43 507 1255 3937">
    <p class='ocr_par' dir='ltr' id='par_1_2' title="bbox 43 507 1255 3937">
     <span class='ocr_line' id='line_1_2' title="bbox 120 507 1228 593; baseline 0.007 -20"><span class='ocrx_word' id='word_1_6' title='bbox 120 509 222 585; x_wconf 84' lang='lat' dir='ltr'>facie,</span> <span class='ocrx_word' id='word_1_7' title='bbox 241 519 313 575; x_wconf 89' lang='lat' dir='ltr'>tum</span> <span class='ocrx_word' id='word_1_8' title='bbox 338 532 391 573; x_wconf 91' lang='lat' dir='ltr'>me</span> <span class='ocrx_word' id='word_1_9' title='bbox 417 508 518 593; x_wconf 87' lang='lat' dir='ltr'>pacis,</span> <span class='ocrx_word' id='word_1_10' title='bbox 534 509 605 584; x_wconf 89' lang='lat' dir='ltr'>otii,</span> <span class='ocrx_word' id='word_1_11' title='bbox 622 507 829 586; x_wconf 81' lang='lat' dir='ltr'>concordiae,</span> <span class='ocrx_word' id='word_1_12' title='bbox 846 509 1020 587; x_wconf 72' lang='lat' dir='ltr'>libertatis,</span> <span class='ocrx_word' id='word_1_13' title='bbox 1047 513 1176 588; x_wconf 86' lang='lat' dir='ltr'>salutis,</span> <span class='ocrx_word' id='word_1_14' title='bbox 1213 528 1228 581; x_wconf 77' lang='grc'>,5</span> 
     </span>
     <span class='ocr_line' id='line_1_3' title="bbox 121 612 1176 700; baseline 0.002 -22"><span class='ocrx_word' id='word_1_15' title='bbox 121 614 215 679; x_wconf 89' lang='lat' dir='ltr'>vitae</span> <span class='ocrx_word' id='word_1_16' title='bbox 227 614 372 698; x_wconf 91' lang='lat' dir='ltr'>denique</span> <span class='ocrx_word' id='word_1_17' title='bbox 386 613 537 677; x_wconf 87' lang='lat' dir='ltr'>omnium</span> <span class='ocrx_word' id='word_1_18' title='bbox 549 619 703 678; x_wconf 89' lang='lat' dir='ltr'>nostrum</span> <span class='ocrx_word' id='word_1_19' title='bbox 719 634 820 678; x_wconf 89' lang='lat' dir='ltr'>causa</span> <span class='ocrx_word' id='word_1_20' title='bbox 836 612 944 680; x_wconf 81' lang='lat' dir='ltr'>iacere</span> <span class='ocrx_word' id='word_1_21' title='bbox 955 616 1061 679; x_wconf 88' lang='lat' dir='ltr'>clamo</span> <span class='ocrx_word' id='word_1_22' title='bbox 1073 623 1176 700; x_wconf 91' lang='lat' dir='ltr'>atque</span> 
     </span>
     <span class='ocr_line' id='line_1_4' title="bbox 121 716 1177 795; baseline 0.002 -14"><span class='ocrx_word' id='word_1_23' title='bbox 121 725 240 783; x_wconf 87' lang='lat' dir='ltr'>testor.</span> <span class='ocrx_word' id='word_1_24' title='bbox 288 717 427 793; x_wconf 92' lang='lat' dir='ltr'>Audite,</span> <span class='ocrx_word' id='word_1_25' title='bbox 451 716 565 781; x_wconf 86' lang='lat' dir='ltr'>audite</span> <span class='ocrx_word' id='word_1_26' title='bbox 594 717 776 794; x_wconf 89' lang='lat' dir='ltr'>consulem,</span> <span class='ocrx_word' id='word_1_27' title='bbox 804 717 942 795; x_wconf 90' lang='lat' dir='ltr'>iudices,</span> <span class='ocrx_word' id='word_1_28' title='bbox 958 719 1044 781; x_wconf 87' lang='lat' dir='ltr'>nihil</span> <span class='ocrx_word' id='word_1_29' title='bbox 1067 718 1177 783; x_wconf 89' lang='lat' dir='ltr'>dicam</span> 
     </span>
     <span class='ocr_line' id='line_1_5' title="bbox 120 820 1176 909; baseline 0.002 -23"><span class='ocrx_word' id='word_1_30' title='bbox 120 823 345 909; x_wconf 71' lang='lat' dir='ltr'>arrogantius</span> <span class='ocrx_word' id='word_1_31' title='bbox 368 828 502 886; x_wconf 87' lang='lat' dir='ltr'>tantum</span> <span class='ocrx_word' id='word_1_32' title='bbox 524 820 642 898; x_wconf 90' lang='lat' dir='ltr'>dicam,</span> <span class='ocrx_word' id='word_1_33' title='bbox 659 829 749 886; x_wconf 88' lang='lat' dir='ltr'>totos</span> <span class='ocrx_word' id='word_1_34' title='bbox 775 821 846 886; x_wconf 89' lang='lat' dir='ltr'>dies</span> <span class='ocrx_word' id='word_1_35' title='bbox 870 829 972 906; x_wconf 92' lang='lat' dir='ltr'>atque</span> <span class='ocrx_word' id='word_1_36' title='bbox 996 832 1111 888; x_wconf 87' lang='lat' dir='ltr'>noctes</span> <span class='ocrx_word' id='word_1_37' title='bbox 1135 824 1176 889; x_wconf 91' lang='lat' dir='ltr'>de</span> 
     </span>
     <span class='ocr_line' id='line_1_6' title="bbox 122 924 1177 1013; baseline 0.002 -23"><span class='ocrx_word' id='word_1_38' title='bbox 122 949 158 991; x_wconf 92' lang='lat' dir='ltr'>re</span> <span class='ocrx_word' id='word_1_39' title='bbox 191 926 325 1011; x_wconf 91' lang='lat' dir='ltr'>publica</span> <span class='ocrx_word' id='word_1_40' title='bbox 356 924 582 1013; x_wconf 81' lang='lat' dir='ltr'>cogitantem!</span> <span class='ocrx_word' id='word_1_41' title='bbox 640 925 717 990; x_wconf 91' lang='lat' dir='ltr'>Non</span> <span class='ocrx_word' id='word_1_42' title='bbox 749 948 857 1010; x_wconf 90' lang='lat' dir='ltr'>usque</span> <span class='ocrx_word' id='word_1_43' title='bbox 889 948 929 991; x_wconf 93' lang='lat' dir='ltr'>eo</span> <span class='ocrx_word' id='word_1_44' title='bbox 960 927 998 990; x_wconf 89' lang='lat' dir='ltr'>L.</span> <span class='ocrx_word' id='word_1_45' title='bbox 1030 926 1177 993; x_wconf 82' lang='lat' dir='ltr'>Catilina</span> 
     </span>
     <span class='ocr_line' id='line_1_7' title="bbox 123 1030 1228 1117; baseline 0.001 -23"><span class='ocrx_word' id='word_1_46' title='bbox 123 1054 196 1095; x_wconf 88' lang='lat' dir='ltr'>rem</span> <span class='ocrx_word' id='word_1_47' title='bbox 224 1031 390 1115; x_wconf 85' lang='lat' dir='ltr'>publicam</span> <span class='ocrx_word' id='word_1_48' title='bbox 416 1030 570 1114; x_wconf 83' lang='lat' dir='ltr'>despexit</span> <span class='ocrx_word' id='word_1_49' title='bbox 595 1038 698 1115; x_wconf 90' lang='lat' dir='ltr'>atque</span> <span class='ocrx_word' id='word_1_50' title='bbox 725 1032 937 1115; x_wconf 88' lang='lat' dir='ltr'>contempsit,</span> <span class='ocrx_word' id='word_1_51' title='bbox 954 1038 995 1095; x_wconf 87' lang='lat' dir='ltr'>ut</span> <span class='ocrx_word' id='word_1_52' title='bbox 1016 1052 1056 1095; x_wconf 92' lang='lat' dir='ltr'>ea</span> <span class='ocrx_word' id='word_1_53' title='bbox 1070 1033 1176 1117; x_wconf 88' lang='lat' dir='ltr'>copia,</span> <span class='ocrx_word' id='word_1_54' title='bbox 1199 1050 1228 1095; x_wconf 87' lang='lat'>10</span> 
     </span>
     <span class='ocr_line' id='line_1_8' title="bbox 122 1133 1177 1220; baseline 0 -21"><span class='ocrx_word' id='word_1_55' title='bbox 122 1156 227 1220; x_wconf 91' lang='lat' dir='ltr'>quam</span> <span class='ocrx_word' id='word_1_56' title='bbox 257 1156 371 1199; x_wconf 89' lang='lat' dir='ltr'>seeum</span> <span class='ocrx_word' id='word_1_57' title='bbox 403 1133 532 1210; x_wconf 86' lang='lat' dir='ltr'>eduxit,</span> <span class='ocrx_word' id='word_1_58' title='bbox 559 1156 594 1198; x_wconf 88' lang='lat' dir='ltr'>se</span> <span class='ocrx_word' id='word_1_59' title='bbox 621 1133 707 1198; x_wconf 90' lang='lat' dir='ltr'>hanc</span> <span class='ocrx_word' id='word_1_60' title='bbox 737 1135 906 1199; x_wconf 89' lang='lat' dir='ltr'>civitatem</span> <span class='ocrx_word' id='word_1_61' title='bbox 940 1157 1177 1220; x_wconf 88' lang='lat' dir='ltr'>oppressurum</span> 
     </span>
     <span class='ocr_line' id='line_1_9' title="bbox 122 1238 1175 1327; baseline 0.002 -24"><span class='ocrx_word' id='word_1_62' title='bbox 122 1240 351 1304; x_wconf 80' lang='lat' dir='ltr'>arbitraretur.</span> <span class='ocrx_word' id='word_1_63' title='bbox 421 1238 538 1303; x_wconf 90' lang='lat' dir='ltr'>Latius</span> <span class='ocrx_word' id='word_1_64' title='bbox 577 1246 670 1323; x_wconf 90' lang='lat' dir='ltr'>patet</span> <span class='ocrx_word' id='word_1_65' title='bbox 708 1238 800 1302; x_wconf 91' lang='lat' dir='ltr'>illius</span> <span class='ocrx_word' id='word_1_66' title='bbox 838 1239 973 1303; x_wconf 88' lang='lat' dir='ltr'>sceleris</span> <span class='ocrx_word' id='word_1_67' title='bbox 1010 1241 1175 1327; x_wconf 87' lang='lat' dir='ltr'>contagio,</span> 
     </span>
     <span class='ocr_line' id='line_1_10' title="bbox 122 1342 1175 1429; baseline 0 -20"><span class='ocrx_word' id='word_1_68' title='bbox 122 1366 226 1429; x_wconf 90' lang='lat' dir='ltr'>quam</span> <span class='ocrx_word' id='word_1_69' title='bbox 244 1345 423 1429; x_wconf 89' lang='lat' dir='ltr'>quisquam</span> <span class='ocrx_word' id='word_1_70' title='bbox 439 1348 548 1428; x_wconf 90' lang='lat' dir='ltr'>putat,</span> <span class='ocrx_word' id='word_1_71' title='bbox 561 1342 605 1406; x_wconf 91' lang='lat' dir='ltr'>ad</span> <span class='ocrx_word' id='word_1_72' title='bbox 619 1343 733 1427; x_wconf 85' lang='lat' dir='ltr'>plures</span> <span class='ocrx_word' id='word_1_73' title='bbox 748 1344 905 1427; x_wconf 85' lang='lat' dir='ltr'>pertinet.</span> <span class='ocrx_word' id='word_1_74' title='bbox 951 1344 1059 1420; x_wconf 86' lang='lat' dir='ltr'>Intus,</span> <span class='ocrx_word' id='word_1_75' title='bbox 1071 1345 1175 1422; x_wconf 90' lang='lat' dir='ltr'>intus,</span> 
     </span>
     <span class='ocr_line' id='line_1_11' title="bbox 121 1448 1174 1534; baseline 0.002 -21"><span class='ocrx_word' id='word_1_76' title='bbox 121 1451 273 1534; x_wconf 86' lang='lat' dir='ltr'>inquam,</span> <span class='ocrx_word' id='word_1_77' title='bbox 304 1455 357 1513; x_wconf 91' lang='lat' dir='ltr'>est</span> <span class='ocrx_word' id='word_1_78' title='bbox 386 1468 494 1533; x_wconf 91' lang='lat' dir='ltr'>equus</span> <span class='ocrx_word' id='word_1_79' title='bbox 528 1448 717 1523; x_wconf 85' lang='lat' dir='ltr'>Troianus3</span> <span class='ocrx_word' id='word_1_80' title='bbox 757 1468 861 1532; x_wconf 90' lang='lat' dir='ltr'>aquo</span> <span class='ocrx_word' id='word_1_81' title='bbox 900 1469 1085 1533; x_wconf 90' lang='lat' dir='ltr'>numquam</span> <span class='ocrx_word' id='word_1_82' title='bbox 1122 1472 1174 1516; x_wconf 94' lang='lat' dir='ltr'>me</span> 
     </span>
     <span class='ocr_line' id='line_1_12' title="bbox 122 1550 1255 1637; baseline 0.002 -18"><span class='ocrx_word' id='word_1_83' title='bbox 122 1555 262 1619; x_wconf 88' lang='lat' dir='ltr'>consule</span> <span class='ocrx_word' id='word_1_84' title='bbox 290 1552 492 1616; x_wconf 87' lang='lat' dir='ltr'>dormientes</span> <span class='ocrx_word' id='word_1_85' title='bbox 525 1552 769 1637; x_wconf 79' lang='lat' dir='ltr'>opprimamini.</span> <span class='ocrx_word' id='word_1_86' title='bbox 830 1550 971 1631; x_wconf 80' lang='lat' dir='ltr'>Quaeris</span> <span class='ocrx_word' id='word_1_87' title='bbox 995 1574 1015 1617; x_wconf 92' lang='lat' dir='ltr'>a</span> <span class='ocrx_word' id='word_1_88' title='bbox 1039 1576 1102 1630; x_wconf 90' lang='lat' dir='ltr'>me,</span> <span class='ocrx_word' id='word_1_89' title='bbox 1126 1554 1255 1621; x_wconf 67' lang='lat' dir='ltr'>eo-&#39;lll‘</span> 
     </span>
     <span class='ocr_line' id='line_1_13' title="bbox 122 1644 1227 1744; baseline -0.003 -22"><span class='ocrx_word' id='word_1_90' title='bbox 122 1644 286 1744; x_wconf 87' lang='lat' dir='ltr'>quidego</span> <span class='ocrx_word' id='word_1_91' title='bbox 312 1656 493 1721; x_wconf 83' lang='lat' dir='ltr'>Catilinam</span> <span class='ocrx_word' id='word_1_92' title='bbox 520 1664 678 1722; x_wconf 90' lang='lat' dir='ltr'>metuam.</span> <span class='ocrx_word' id='word_1_93' title='bbox 725 1656 830 1733; x_wconf 91' lang='lat' dir='ltr'>Nihil,</span> <span class='ocrx_word' id='word_1_94' title='bbox 846 1664 882 1722; x_wconf 87' lang='lat' dir='ltr'>et</span> <span class='ocrx_word' id='word_1_95' title='bbox 896 1658 1022 1735; x_wconf 86' lang='lat' dir='ltr'>curavi,</span> <span class='ocrx_word' id='word_1_96' title='bbox 1038 1680 1081 1723; x_wconf 89' lang='lat' dir='ltr'>ne</span> <span class='ocrx_word' id='word_1_97' title='bbox 1098 1660 1175 1743; x_wconf 93' lang='lat' dir='ltr'>quis</span> <span class='ocrx_word' id='word_1_98' title='bbox 1198 1674 1227 1720; x_wconf 82' lang='lat'>16</span> 
     </span>
     <span class='ocr_line' id='line_1_14' title="bbox 123 1758 1174 1846; baseline 0 -19"><span class='ocrx_word' id='word_1_99' title='bbox 123 1770 299 1838; x_wconf 80' lang='lat' dir='ltr'>metueret,</span> <span class='ocrx_word' id='word_1_100' title='bbox 317 1761 376 1827; x_wconf 91' lang='lat' dir='ltr'>sed</span> <span class='ocrx_word' id='word_1_101' title='bbox 405 1762 517 1846; x_wconf 91' lang='lat' dir='ltr'>copias</span> <span class='ocrx_word' id='word_1_102' title='bbox 543 1762 645 1837; x_wconf 75' lang='lat' dir='ltr'>illiue,</span> <span class='ocrx_word' id='word_1_103' title='bbox 675 1782 759 1846; x_wconf 90' lang='lat' dir='ltr'>quas</span> <span class='ocrx_word' id='word_1_104' title='bbox 784 1760 839 1826; x_wconf 92' lang='lat' dir='ltr'>hic</span> <span class='ocrx_word' id='word_1_105' title='bbox 865 1758 974 1839; x_wconf 78' lang='lat' dir='ltr'>video,</span> <span class='ocrx_word' id='word_1_106' title='bbox 1001 1761 1077 1826; x_wconf 85' lang='lat' dir='ltr'>dieo</span> <span class='ocrx_word' id='word_1_107' title='bbox 1102 1784 1174 1827; x_wconf 85' lang='lat' dir='ltr'>esse</span> 
     </span>
     <span class='ocr_line' id='line_1_15' title="bbox 123 1850 1174 1943; baseline -0.002 -12"><span class='ocrx_word' id='word_1_108' title='bbox 123 1866 341 1943; x_wconf 86' lang='lat' dir='ltr'>metuendas3</span> <span class='ocrx_word' id='word_1_109' title='bbox 365 1888 426 1931; x_wconf 91' lang='lat' dir='ltr'>nec</span> <span class='ocrx_word' id='word_1_110' title='bbox 453 1872 522 1930; x_wconf 89' lang='lat' dir='ltr'>tam</span> <span class='ocrx_word' id='word_1_111' title='bbox 552 1865 722 1930; x_wconf 87' lang='lat' dir='ltr'>timendus</span> <span class='ocrx_word' id='word_1_112' title='bbox 750 1873 804 1931; x_wconf 90' lang='lat' dir='ltr'>est</span> <span class='ocrx_word' id='word_1_113' title='bbox 827 1850 1112 1931; x_wconf 35' lang='lat' dir='ltr'>nunc&#39;exercitus</span> <span class='ocrx_word' id='word_1_114' title='bbox 1136 1866 1174 1929; x_wconf 87' lang='lat' dir='ltr'>L.</span> 
     </span>
     <span class='ocr_line' id='line_1_16' title="bbox 122 1970 1173 2055; baseline -0.001 -19"><span class='ocrx_word' id='word_1_115' title='bbox 122 1972 290 2036; x_wconf 86' lang='lat' dir='ltr'>Catilinae</span> <span class='ocrx_word' id='word_1_116' title='bbox 323 1992 423 2055; x_wconf 88' lang='lat' dir='ltr'>quam</span> <span class='ocrx_word' id='word_1_117' title='bbox 454 1971 520 2047; x_wconf 87' lang='lat' dir='ltr'>isti,</span> <span class='ocrx_word' id='word_1_118' title='bbox 554 1971 612 2055; x_wconf 91' lang='lat' dir='ltr'>qui</span> <span class='ocrx_word' id='word_1_119' title='bbox 644 1970 742 2033; x_wconf 92' lang='lat' dir='ltr'>illum</span> <span class='ocrx_word' id='word_1_120' title='bbox 772 1971 958 2035; x_wconf 85' lang='lat' dir='ltr'>exercitum</span> <span class='ocrx_word' id='word_1_121' title='bbox 988 1970 1173 2036; x_wconf 89' lang='lat' dir='ltr'>deseruisse</span> 
     </span>
     <span class='ocr_line' id='line_1_17' title="bbox 121 2074 1227 2159; baseline -0.002 -20"><span class='ocrx_word' id='word_1_122' title='bbox 121 2076 293 2140; x_wconf 91' lang='lat' dir='ltr'>dicuntur.</span> <span class='ocrx_word' id='word_1_123' title='bbox 339 2074 416 2138; x_wconf 91' lang='lat' dir='ltr'>Non</span> <span class='ocrx_word' id='word_1_124' title='bbox 443 2075 533 2138; x_wconf 91' lang='lat' dir='ltr'>enim</span> <span class='ocrx_word' id='word_1_125' title='bbox 565 2074 797 2150; x_wconf 89' lang='lat' dir='ltr'>deseruerunt,</span> <span class='ocrx_word' id='word_1_126' title='bbox 813 2074 874 2138; x_wconf 90' lang='lat' dir='ltr'>sed</span> <span class='ocrx_word' id='word_1_127' title='bbox 901 2075 1028 2139; x_wconf 90' lang='lat' dir='ltr'>abillo</span> <span class='ocrx_word' id='word_1_128' title='bbox 1055 2076 1089 2137; x_wconf 92' lang='lat' dir='ltr'>in</span> <span class='ocrx_word' id='word_1_129' title='bbox 1105 2097 1176 2159; x_wconf 89' lang='lat' dir='ltr'>spe-</span> <span class='ocrx_word' id='word_1_130' title='bbox 1196 2090 1227 2137; x_wconf 84' lang='lat' dir='ltr'>ao</span> 
     </span>
     <span class='ocr_line' id='line_1_18' title="bbox 121 2178 1175 2264; baseline -0.001 -20"><span class='ocrx_word' id='word_1_131' title='bbox 121 2180 209 2244; x_wconf 91' lang='lat' dir='ltr'>culis</span> <span class='ocrx_word' id='word_1_132' title='bbox 236 2187 337 2264; x_wconf 89' lang='lat' dir='ltr'>atque</span> <span class='ocrx_word' id='word_1_133' title='bbox 369 2178 498 2243; x_wconf 90' lang='lat' dir='ltr'>insidiis</span> <span class='ocrx_word' id='word_1_134' title='bbox 535 2180 644 2243; x_wconf 88' lang='lat' dir='ltr'>relicti</span> <span class='ocrx_word' id='word_1_135' title='bbox 675 2180 709 2241; x_wconf 91' lang='lat' dir='ltr'>in</span> <span class='ocrx_word' id='word_1_136' title='bbox 741 2180 850 2264; x_wconf 90' lang='lat' dir='ltr'>capite</span> <span class='ocrx_word' id='word_1_137' title='bbox 881 2187 983 2263; x_wconf 87' lang='lat' dir='ltr'>atque</span> <span class='ocrx_word' id='word_1_138' title='bbox 1011 2180 1046 2242; x_wconf 89' lang='lat' dir='ltr'>in</span> <span class='ocrx_word' id='word_1_139' title='bbox 1067 2180 1175 2245; x_wconf 79' lang='lat' dir='ltr'>&#39;cerri-</span> 
     </span>
     <span class='ocr_line' id='line_1_19' title="bbox 95 2283 1174 2370; baseline -0.001 -21"><span class='ocrx_word' id='word_1_140' title='bbox 95 2284 219 2349; x_wconf 61' lang='lat' dir='ltr'>‘cibus</span> <span class='ocrx_word' id='word_1_141' title='bbox 249 2284 370 2348; x_wconf 88' lang='lat' dir='ltr'>nostris</span> <span class='ocrx_word' id='word_1_142' title='bbox 405 2284 612 2368; x_wconf 85' lang='lat' dir='ltr'>restiterunt.</span> <span class='ocrx_word' id='word_1_143' title='bbox 661 2283 708 2347; x_wconf 92' lang='lat' dir='ltr'>Hi</span> <span class='ocrx_word' id='word_1_144' title='bbox 735 2290 771 2349; x_wconf 88' lang='lat' dir='ltr'>et</span> <span class='ocrx_word' id='word_1_145' title='bbox 800 2284 971 2370; x_wconf 89' lang='lat' dir='ltr'>integrum</span> <span class='ocrx_word' id='word_1_146' title='bbox 1001 2285 1174 2349; x_wconf 90' lang='lat' dir='ltr'>consulem</span> 
     </span>
     <span class='ocr_line' id='line_1_20' title="bbox 121 2386 1172 2474; baseline -0.001 -21"><span class='ocrx_word' id='word_1_147' title='bbox 121 2397 157 2454; x_wconf 90' lang='lat' dir='ltr'>et</span> <span class='ocrx_word' id='word_1_148' title='bbox 174 2388 296 2453; x_wconf 90' lang='lat' dir='ltr'>bonum</span> <span class='ocrx_word' id='word_1_149' title='bbox 324 2390 556 2474; x_wconf 86' lang='lat' dir='ltr'>imperatorem</span> <span class='ocrx_word' id='word_1_150' title='bbox 587 2396 622 2453; x_wconf 91' lang='lat' dir='ltr'>et</span> <span class='ocrx_word' id='word_1_151' title='bbox 651 2394 772 2451; x_wconf 90' lang='lat' dir='ltr'>natura</span> <span class='ocrx_word' id='word_1_152' title='bbox 798 2396 834 2452; x_wconf 92' lang='lat' dir='ltr'>et</span> <span class='ocrx_word' id='word_1_153' title='bbox 859 2386 997 2451; x_wconf 83' lang='lat' dir='ltr'>fortuna</span> <span class='ocrx_word' id='word_1_154' title='bbox 1021 2408 1099 2451; x_wconf 90' lang='lat' dir='ltr'>cum</span> <span class='ocrx_word' id='word_1_155' title='bbox 1125 2388 1172 2453; x_wconf 90' lang='lat' dir='ltr'>rei</span> 
     </span>
     <span class='ocr_line' id='line_1_21' title="bbox 121 2490 1173 2577; baseline 0.003 -23"><span class='ocrx_word' id='word_1_156' title='bbox 121 2492 276 2577; x_wconf 90' lang='lat' dir='ltr'>publicae</span> <span class='ocrx_word' id='word_1_157' title='bbox 292 2492 401 2557; x_wconf 90' lang='lat' dir='ltr'>salute</span> <span class='ocrx_word' id='word_1_158' title='bbox 418 2492 635 2557; x_wconf 87' lang='lat' dir='ltr'>coniunctum</span> <span class='ocrx_word' id='word_1_159' title='bbox 664 2490 750 2555; x_wconf 88' lang='lat' dir='ltr'>deici</span> <span class='ocrx_word' id='word_1_160' title='bbox 773 2491 815 2555; x_wconf 89' lang='lat' dir='ltr'>de</span> <span class='ocrx_word' id='word_1_161' title='bbox 841 2490 932 2556; x_wconf 87' lang='lat' dir='ltr'>urbis</span> <span class='ocrx_word' id='word_1_162' title='bbox 948 2491 1115 2576; x_wconf 89' lang='lat' dir='ltr'>praesidio</span> <span class='ocrx_word' id='word_1_163' title='bbox 1137 2499 1173 2557; x_wconf 87' lang='lat' dir='ltr'>et</span> 
     </span>
     <span class='ocr_line' id='line_1_22' title="bbox 121 2595 1225 2662; baseline 0.001 -3"><span class='ocrx_word' id='word_1_164' title='bbox 121 2596 164 2661; x_wconf 90' lang='lat' dir='ltr'>de</span> <span class='ocrx_word' id='word_1_165' title='bbox 182 2596 336 2660; x_wconf 89' lang='lat' dir='ltr'>custodia</span> <span class='ocrx_word' id='word_1_166' title='bbox 352 2598 499 2662; x_wconf 88' lang='lat' dir='ltr'>civitatis</span> <span class='ocrx_word' id='word_1_167' title='bbox 512 2597 632 2661; x_wconf 89' lang='lat' dir='ltr'>vestris</span> <span class='ocrx_word' id='word_1_168' title='bbox 656 2595 835 2659; x_wconf 83' lang='lat' dir='ltr'>sententiis</span> <span class='ocrx_word' id='word_1_169' title='bbox 862 2595 1031 2660; x_wconf 89' lang='lat' dir='ltr'>deturbari</span> <span class='ocrx_word' id='word_1_170' title='bbox 1043 2596 1172 2661; x_wconf 91' lang='lat' dir='ltr'>volunt.</span> <span class='ocrx_word' id='word_1_171' title='bbox 1195 2614 1225 2660; x_wconf 76' lang='lat' dir='ltr'>as</span> 
     </span>
     <span class='ocr_line' id='line_1_23' title="bbox 43 2699 1172 2787; baseline 0.001 -23"><span class='ocrx_word' id='word_1_172' title='bbox 43 2730 47 2739; x_wconf 94' lang='lat'>·</span> <span class='ocrx_word' id='word_1_173' title='bbox 122 2700 277 2780; x_wconf 83' lang='lat' dir='ltr'>Quorum</span> <span class='ocrx_word' id='word_1_174' title='bbox 307 2722 370 2787; x_wconf 88' lang='lat' dir='ltr'>ego</span> <span class='ocrx_word' id='word_1_175' title='bbox 401 2699 528 2766; x_wconf 85' lang='lat' dir='ltr'>ferrum</span> <span class='ocrx_word' id='word_1_176' title='bbox 560 2707 595 2765; x_wconf 91' lang='lat' dir='ltr'>et</span> <span class='ocrx_word' id='word_1_177' title='bbox 624 2699 798 2764; x_wconf 86' lang='lat' dir='ltr'>audaciam</span> <span class='ocrx_word' id='word_1_178' title='bbox 836 2700 935 2765; x_wconf 90' lang='lat' dir='ltr'>reieci</span> <span class='ocrx_word' id='word_1_179' title='bbox 972 2701 1007 2763; x_wconf 92' lang='lat' dir='ltr'>in</span> <span class='ocrx_word' id='word_1_180' title='bbox 1043 2722 1172 2785; x_wconf 90' lang='lat' dir='ltr'>eampo,</span> 
     </span>
     <span class='ocr_line' id='line_1_24' title="bbox 121 2803 1171 2889; baseline 0.003 -22"><span class='ocrx_word' id='word_1_181' title='bbox 121 2804 297 2870; x_wconf 87' lang='lat' dir='ltr'>debilitavi</span> <span class='ocrx_word' id='word_1_182' title='bbox 321 2806 357 2868; x_wconf 92' lang='lat' dir='ltr'>in</span> <span class='ocrx_word' id='word_1_183' title='bbox 384 2803 468 2881; x_wconf 83' lang='lat' dir='ltr'>foro,</span> <span class='ocrx_word' id='word_1_184' title='bbox 496 2805 675 2889; x_wconf 86' lang='lat' dir='ltr'>compressi</span> <span class='ocrx_word' id='word_1_185' title='bbox 702 2804 805 2868; x_wconf 86' lang='lat' dir='ltr'>etiam</span> <span class='ocrx_word' id='word_1_186' title='bbox 831 2804 922 2867; x_wconf 91' lang='lat' dir='ltr'>domi</span> <span class='ocrx_word' id='word_1_187' title='bbox 948 2826 1040 2869; x_wconf 90' lang='lat' dir='ltr'>meae</span> <span class='ocrx_word' id='word_1_188' title='bbox 1063 2826 1171 2889; x_wconf 89' lang='lat' dir='ltr'>saepe,</span> 
     </span>
     <span class='ocr_line' id='line_1_25' title="bbox 120 2908 1172 2993; baseline 0 -21"><span class='ocrx_word' id='word_1_189' title='bbox 120 2910 260 2987; x_wconf 77' lang='lat' dir='ltr'>iudioeS,</span> <span class='ocrx_word' id='word_1_190' title='bbox 286 2910 339 2975; x_wconf 91' lang='lat' dir='ltr'>his</span> <span class='ocrx_word' id='word_1_191' title='bbox 355 2931 416 2975; x_wconf 87' lang='lat' dir='ltr'>vos</span> <span class='ocrx_word' id='word_1_192' title='bbox 443 2910 473 2975; x_wconf 94' lang='lat' dir='ltr'>si</span> <span class='ocrx_word' id='word_1_193' title='bbox 495 2910 640 2974; x_wconf 89' lang='lat' dir='ltr'>alterum</span> <span class='ocrx_word' id='word_1_194' title='bbox 667 2909 840 2973; x_wconf 89' lang='lat' dir='ltr'>consulem</span> <span class='ocrx_word' id='word_1_195' title='bbox 865 2908 1079 2985; x_wconf 88' lang='lat' dir='ltr'>tradideritis,</span> <span class='ocrx_word' id='word_1_196' title='bbox 1096 2910 1172 2993; x_wconf 91' lang='lat' dir='ltr'>plus</span> 
     </span>
     <span class='ocr_line' id='line_1_26' title="bbox 120 3004 1174 3099; baseline 0 -22"><span class='ocrx_word' id='word_1_197' title='bbox 120 3014 230 3078; x_wconf 92' lang='lat' dir='ltr'>multo</span> <span class='ocrx_word' id='word_1_198' title='bbox 253 3020 355 3079; x_wconf 89' lang='lat' dir='ltr'>erunt</span> <span class='ocrx_word' id='word_1_199' title='bbox 381 3014 504 3081; x_wconf 84' lang='lat' dir='ltr'>vestris</span> <span class='ocrx_word' id='word_1_200' title='bbox 535 3013 712 3078; x_wconf 87' lang='lat' dir='ltr'>sententiis</span> <span class='ocrx_word' id='word_1_201' title='bbox 736 3034 837 3097; x_wconf 90' lang='lat' dir='ltr'>quam</span> <span class='ocrx_word' id='word_1_202' title='bbox 859 3004 930 3077; x_wconf 84' lang='lat' dir='ltr'>suis</span> <span class='ocrx_word' id='word_1_203' title='bbox 952 3013 1074 3099; x_wconf 84' lang='lat' dir='ltr'>gladiis</span> <span class='ocrx_word' id='word_1_204' title='bbox 1097 3035 1174 3077; x_wconf 88' lang='lat' dir='ltr'>con·</span> 
     </span>
     <span class='ocr_line' id='line_1_27' title="bbox 119 3116 1225 3205; baseline -0.003 -23"><span class='ocrx_word' id='word_1_205' title='bbox 119 3118 239 3183; x_wconf 87' lang='lat' dir='ltr'>secuti.</span> <span class='ocrx_word' id='word_1_206' title='bbox 286 3118 405 3205; x_wconf 86' lang='lat' dir='ltr'>Magni</span> <span class='ocrx_word' id='word_1_207' title='bbox 438 3118 589 3194; x_wconf 89' lang='lat' dir='ltr'>interest,</span> <span class='ocrx_word' id='word_1_208' title='bbox 606 3116 744 3194; x_wconf 90' lang='lat' dir='ltr'>iudices,</span> <span class='ocrx_word' id='word_1_209' title='bbox 773 3117 808 3180; x_wconf 92' lang='lat' dir='ltr'>id</span> <span class='ocrx_word' id='word_1_210' title='bbox 839 3117 931 3201; x_wconf 91' lang='lat' dir='ltr'>quod</span> <span class='ocrx_word' id='word_1_211' title='bbox 961 3140 1024 3205; x_wconf 90' lang='lat' dir='ltr'>ego</span> <span class='ocrx_word' id='word_1_212' title='bbox 1056 3119 1172 3183; x_wconf 89' lang='lat' dir='ltr'>multis</span> <span class='ocrx_word' id='word_1_213' title='bbox 1194 3134 1225 3179; x_wconf 83' lang='lat' dir='ltr'>ao</span> 
     </span>
     <span class='ocr_line' id='line_1_28' title="bbox 120 3220 1172 3309; baseline 0.002 -24"><span class='ocrx_word' id='word_1_214' title='bbox 120 3223 388 3308; x_wconf 85' lang='lat' dir='ltr'>repugnantibus</span> <span class='ocrx_word' id='word_1_215' title='bbox 405 3224 459 3309; x_wconf 87' lang='lat' dir='ltr'>egi</span> <span class='ocrx_word' id='word_1_216' title='bbox 476 3230 579 3308; x_wconf 86' lang='lat' dir='ltr'>atque</span> <span class='ocrx_word' id='word_1_217' title='bbox 592 3220 728 3306; x_wconf 83' lang='lat' dir='ltr'>perfeci,</span> <span class='ocrx_word' id='word_1_218' title='bbox 742 3243 813 3285; x_wconf 90' lang='lat' dir='ltr'>esse</span> <span class='ocrx_word' id='word_1_219' title='bbox 829 3222 991 3287; x_wconf 85' lang='lat' dir='ltr'>Kalendis</span> <span class='ocrx_word' id='word_1_220' title='bbox 1009 3223 1172 3287; x_wconf 90' lang='lat' dir='ltr'>Ianuariis</span> 
     </span>
     <span class='ocr_line' id='line_1_29' title="bbox 120 3324 1224 3411; baseline 0.004 -23"><span class='ocrx_word' id='word_1_221' title='bbox 120 3328 155 3389; x_wconf 90' lang='lat' dir='ltr'>in</span> <span class='ocrx_word' id='word_1_222' title='bbox 180 3326 217 3391; x_wconf 87' lang='lat' dir='ltr'>re</span> <span class='ocrx_word' id='word_1_223' title='bbox 243 3326 380 3411; x_wconf 87' lang='lat' dir='ltr'>publica</span> <span class='ocrx_word' id='word_1_224' title='bbox 404 3326 488 3391; x_wconf 90' lang='lat' dir='ltr'>duos</span> <span class='ocrx_word' id='word_1_225' title='bbox 516 3326 682 3391; x_wconf 76' lang='lat' dir='ltr'>eonsules·</span> <span class='ocrx_word' id='word_1_226' title='bbox 729 3324 806 3389; x_wconf 90' lang='lat' dir='ltr'>Non</span> <span class='ocrx_word' id='word_1_227' title='bbox 833 3327 888 3391; x_wconf 87' lang='lat' dir='ltr'>lex</span> <span class='ocrx_word' id='word_1_228' title='bbox 916 3326 1073 3411; x_wconf 91' lang='lat' dir='ltr'>improba,</span> <span class='ocrx_word' id='word_1_229' title='bbox 1100 3348 1167 3390; x_wconf 91' lang='lat' dir='ltr'>non</span> <span class='ocrx_word' id='word_1_230' title='bbox 1182 3329 1224 3392; x_wconf 87' lang='grc'>80</span> 
     </span>
     <span class='ocr_line' id='line_1_30' title="bbox 119 3429 1171 3518; baseline -0.002 -23"><span class='ocrx_word' id='word_1_231' title='bbox 119 3431 309 3514; x_wconf 88' lang='lat' dir='ltr'>perniciosa</span> <span class='ocrx_word' id='word_1_232' title='bbox 346 3432 491 3518; x_wconf 85' lang='lat' dir='ltr'>largitio,</span> <span class='ocrx_word' id='word_1_233' title='bbox 525 3452 591 3495; x_wconf 90' lang='lat' dir='ltr'>non</span> <span class='ocrx_word' id='word_1_234' title='bbox 623 3429 778 3494; x_wconf 90' lang='lat' dir='ltr'>auditum</span> <span class='ocrx_word' id='word_1_235' title='bbox 816 3429 997 3514; x_wconf 91' lang='lat' dir='ltr'>aliquando</span> <span class='ocrx_word' id='word_1_236' title='bbox 1033 3429 1171 3515; x_wconf 90' lang='lat' dir='ltr'>aliquod</span> 
     </span>
     <span class='ocr_line' id='line_1_31' title="bbox 120 3535 1170 3621; baseline 0.001 -23"><span class='ocrx_word' id='word_1_237' title='bbox 120 3537 247 3599; x_wconf 89' lang='lat' dir='ltr'>malum</span> <span class='ocrx_word' id='word_1_238' title='bbox 260 3537 308 3601; x_wconf 90' lang='lat' dir='ltr'>rei</span> <span class='ocrx_word' id='word_1_239' title='bbox 320 3536 474 3621; x_wconf 89' lang='lat' dir='ltr'>publicae</span> <span class='ocrx_word' id='word_1_240' title='bbox 487 3537 668 3621; x_wconf 89' lang='lat' dir='ltr'>quaeritur.</span> <span class='ocrx_word' id='word_1_241' title='bbox 717 3536 807 3599; x_wconf 91' lang='lat' dir='ltr'>Inita</span> <span class='ocrx_word' id='word_1_242' title='bbox 813 3544 895 3599; x_wconf 89' lang='lat' dir='ltr'>suut</span> <span class='ocrx_word' id='word_1_243' title='bbox 909 3536 944 3598; x_wconf 92' lang='lat' dir='ltr'>in</span> <span class='ocrx_word' id='word_1_244' title='bbox 960 3535 1020 3599; x_wconf 89' lang='lat' dir='ltr'>hac</span> <span class='ocrx_word' id='word_1_245' title='bbox 1034 3536 1170 3599; x_wconf 89' lang='lat' dir='ltr'>civitate</span> 
     </span>
     <span class='ocr_line' id='line_1_32' title="bbox 120 3639 1224 3717; baseline -0.005 -13"><span class='ocrx_word' id='word_1_246' title='bbox 120 3640 271 3716; x_wconf 88' lang='lat' dir='ltr'>consilia,</span> <span class='ocrx_word' id='word_1_247' title='bbox 288 3639 428 3717; x_wconf 87' lang='lat' dir='ltr'>iudices,</span> <span class='ocrx_word' id='word_1_248' title='bbox 446 3640 536 3704; x_wconf 91' lang='lat' dir='ltr'>urbis</span> <span class='ocrx_word' id='word_1_249' title='bbox 554 3640 727 3717; x_wconf 90' lang='lat' dir='ltr'>delendae,</span> <span class='ocrx_word' id='word_1_250' title='bbox 743 3640 869 3704; x_wconf 89' lang='lat' dir='ltr'>civium</span> <span class='ocrx_word' id='word_1_251' title='bbox 886 3639 1171 3715; x_wconf 90' lang='lat' dir='ltr'>trucidandorum,</span> <span class='ocrx_word' id='word_1_252' title='bbox 1195 3653 1224 3698; x_wconf 78' lang='lat'>35</span> 
     </span>
     <span class='ocr_line' id='line_1_33' title="bbox 121 3744 1170 3831; baseline 0.002 -24"><span class='ocrx_word' id='word_1_253' title='bbox 121 3746 265 3808; x_wconf 89' lang='lat' dir='ltr'>nominis</span> <span class='ocrx_word' id='word_1_254' title='bbox 283 3746 425 3809; x_wconf 87' lang='lat' dir='ltr'>Romani</span> <span class='ocrx_word' id='word_1_255' title='bbox 443 3745 676 3831; x_wconf 87' lang='lat' dir='ltr'>extinguendi.</span> <span class='ocrx_word' id='word_1_256' title='bbox 725 3744 840 3830; x_wconf 86' lang='lat' dir='ltr'>Atque</span> <span class='ocrx_word' id='word_1_257' title='bbox 856 3745 937 3809; x_wconf 89' lang='lat' dir='ltr'>haec</span> <span class='ocrx_word' id='word_1_258' title='bbox 953 3746 1170 3822; x_wconf 78' lang='lat' dir='ltr'>eiveS,·civeS,</span> 
     </span>
     <span class='ocr_line' id='line_1_34' title="bbox 121 3832 1175 3937; baseline 0.002 -24"><span class='ocrx_word' id='word_1_259' title='bbox 121 3849 270 3936; x_wconf 88' lang='lat' dir='ltr'>inquam,</span> <span class='ocrx_word' id='word_1_260' title='bbox 283 3850 312 3914; x_wconf 91' lang='lat' dir='ltr'>si</span> <span class='ocrx_word' id='word_1_261' title='bbox 329 3871 385 3914; x_wconf 91' lang='lat' dir='ltr'>eos</span> <span class='ocrx_word' id='word_1_262' title='bbox 410 3849 472 3915; x_wconf 93' lang='lat' dir='ltr'>hoc</span> <span class='ocrx_word' id='word_1_263' title='bbox 498 3851 630 3914; x_wconf 90' lang='lat' dir='ltr'>nomine</span> <span class='ocrx_word' id='word_1_264' title='bbox 655 3832 816 3935; x_wconf 84' lang='lat' dir='ltr'>appellari</span> <span class='ocrx_word' id='word_1_265' title='bbox 841 3848 894 3913; x_wconf 82' lang='lat' dir='ltr'>ias</span> <span class='ocrx_word' id='word_1_266' title='bbox 918 3856 980 3928; x_wconf 84' lang='lat' dir='ltr'>est,</span> <span class='ocrx_word' id='word_1_267' title='bbox 996 3848 1037 3915; x_wconf 91' lang='lat' dir='ltr'>de</span> <span class='ocrx_word' id='word_1_268' title='bbox 1063 3850 1175 3937; x_wconf 30' lang='lat' dir='ltr'>patria,</span> 
     </span>
    </p>
   </div>
   <div class='ocr_carea' id='block_1_3' title="bbox 0 0 1406 4367">
    <p class='ocr_par' dir='ltr' id='par_1_3' title="bbox 0 0 1406 4367">
     <span class='ocr_line' id='line_1_35' title="bbox 0 0 1406 4367; baseline 0 0"><span class='ocrx_word' id='word_1_269' title='bbox 0 0 1406 4367; x_wconf 95' lang='lat' dir='ltr'> </span> 
     </span>
    </p>
   </div>
  </div>
 </body>
</html>
