2800 4367
450 377 531 428 cnr.
555 376 643 439 eser,
667 377 681 439 ς
705 377 823 428 naua.
1145 362 1207 428 231

146 549 210 612 Re
235 549 370 613 dubia

146 652 276 718 Haut
298 652 536 719 dubitarit
558 652 698 720 vitam
720 652 894 720 offerre
918 653 996 718 nde
1020 654 1154 738 oapiti

798 757 1076 843 pepereerit.

106 877 200 942 Haec
225 879 362 962 quantis
385 878 428 943 ab
449 878 509 943 illo
531 876 734 943 elamoribus
760 875 967 964 agebantur!
991 899 1066 942 eum
1091 879 1227 942 iam121

105 983 229 1046 omisso
243 989 344 1067 gestu
360 981 470 1047 verbis
487 984 604 1068 poetae
620 990 655 1047 et
669 980 783 1047 studio
799 982 922 1048 actoris
939 990 974 1047 et
988 989 1158 1066 exspecta·
1181 995 1208 1040 31

105 1086 191 1149 tioni
207 1093 341 1150 nostrae
358 1085 593 1170 plauderetur:

158 1222 380 1286 Summum
414 1224 603 1289 amioum
637 1225 808 1288 summo
841 1224 885 1287 in
919 1222 1101 1288 bello—
1227 1285 1230 1300 ⁴

52 1440 55 1448 ,
106 1377 191 1441 Nam
216 1378 304 1443 illud
326 1379 398 1463 ipse
420 1385 516 1444 actor
541 1377 749 1465 adiungebat
774 1379 881 1443 amieo
904 1379 1015 1442 animo
1037 1385 1072 1443 et
1093 1377 1158 1442 lor-

106 1489 194 1547 tasse
211 1483 364 1548 homines
380 1489 516 1568 propter
530 1481 669 1567 aliquod
684 1481 888 1548 desiderium
910 1480 1157 1567 adprobabant:
1181 1497 1211 1542 35

456 1614 624 1679 summo
661 1613 849 1700 ingenio
883 1611 1154 1695 praeditum.

106 1768 194 1815 nvn.
227 1751 300 1814 Iam
323 1751 382 1814 illa
398 1758 525 1835 quanto
548 1773 625 1815 eum
648 1751 779 1837 gemitu
805 1748 922 1834 populi
952 1748 1093 1813 Romani
1117 1747 1160 1813 ab

107 1854 223 1919 eodem
239 1854 341 1939 paulo
356 1856 483 1939 postia
500 1854 614 1920 eadem
632 1853 747 1919 fabula
762 1859 845 1918 sunt
859 1849 954 1917 aotal

153 1991 397 2076 opeter-

110 2131 175 2209 Me‚
193 2154 245 2197 me
262 2132 319 2197 ille
335 2132 507 2198 absentem
523 2140 564 2196 ut
587 2136 714 2216 patrem
739 2127 983 2215 deplorandum
1008 2129 1158 2213 putabat,
1229 2131 1231 2138 ’

108 2259 208 2320 quem
240 2236 282 2315 Q.
311 2235 465 2313 Catulus,
494 2257 594 2321 quern
625 2235 725 2298 multi
756 2235 814 2298 alii
844 2255 941 2317 saepe
973 2234 1008 2295 in
1039 2242 1159 2298 senatu
1195 2249 1210 2294 5

108 2349 236 2424 patrem
260 2342 387 2425 patriae
411 2341 632 2405 nominarant.
680 2338 817 2418 Quanto
833 2359 909 2402 oum
933 2335 1016 2402 fletu
1034 2336 1074 2401 de
1091 2338 1158 2402 illis

108 2448 230 2510 nostris
246 2445 409 2512 incendiis
425 2467 463 2510 ae
478 2446 593 2522 ruinis,
611 2466 686 2509 eum
705 2453 831 2528 patrem
855 2442 1000 2527 pulsum,
1017 2443 1158 2526 patriam

108 2549 278 2614 adflictam
315 2550 513 2636 deploraret,
545 2549 682 2614 domum
721 2550 890 2613 incensam
929 2569 1157 2633 eversamque,
1225 2599 1228 2610 ,

108 2656 155 2718 sie
171 2656 251 2741 egit„
269 2662 318 2731 ut,
334 2655 563 2720 demonstrata
589 2654 731 2740 pristina
754 2652 891 2717 fortuna
919 2674 994 2717 eum
1022 2675 1057 2717 se
1085 2674 1159 2718 oon-

111 2759 284 2824 vertisset:
1183 2774 1211 2819 ro

152 2881 270 2945 Haee
294 2881 438 2944 omnia
461 2878 558 2945 vidi
582 2877 868 2944 inflammari

109 3016 224 3082 fletum
248 3019 349 3082 etiam
372 3019 515 3084 inimicis
539 3025 642 3102 atque
666 3017 790 3082 invidis
808 3013 992 3082 excitaret!
1039 3016 1106 3080 Pro
1122 3017 1157 3080 di
1171 3021 1231 3083 122

111 3119 330 3186 immortales!
355 3121 464 3206 quid?
486 3121 545 3185 illa
571 3143 670 3205 quem
699 3121 742 3185 ad
769 3120 905 3184 modum
933 3119 1020 3185 dixit
1046 3120 1156 3185 idem!

110 3247 193 3308 quae
210 3225 293 3289 mihi
310 3225 446 3309 quidem
462 3227 510 3288 ita
525 3232 561 3289 et
583 3231 658 3289 aeta
681 3233 717 3290 et
739 3226 864 3309 scripta
888 3224 1048 3288 videntur
1074 3246 1156 3299 esse,

110 3337 148 3392 ut
163 3315 218 3394 vel
241 3328 318 3407 aQ.
336 3327 469 3405 Catulo,
492 3329 522 3393 si
549 3329 737 3403 revixisset,
767 3329 933 3413 praeclare
965 3349 1059 3414 posse
1092 3327 1158 3392 diei
1181 3345 1209 3390 15

110 3432 325 3507 viderentur3
361 3433 390 3497 is
416 3434 506 3497 enim
533 3431 635 3497 libere
663 3431 905 3517 reprehendere
937 3440 972 3497 et
1002 3453 1157 3496 accusare

110 3539 222 3621 populi
240 3559 307 3601 non
324 3557 508 3621 numquam
533 3537 759 3602 temeritatem
781 3536 910 3602 solebat
932 3544 992 3601 aut
1012 3558 1157 3602 errorem

110 3649 262 3704 senatus:

153 3777 477 3865 Oingratifioi
502 3777 679 3865 Argivi,
702 3779 910 3844 inmunes
939 3778 1067 3844 Graii
1098 3781 1154 3843 in-

689 3905 900 3948 memores
931 3883 1209 3950 beneficum
