2800 4367
193 377 256 441 308
321 390 371 439 DE
387 387 546 438 IMPERIO
563 387 619 437 CN.
639 385 780 435 POMPEI
798 385 850 434 AI)
868 383 1042 444 QUlltI'I'ES
1059 382 1209 436 ORATIO.

337 480 352 510 0

192 576 221 622 ao
244 559 329 623 nihil
360 557 509 634 timebat,
537 556 625 622 idem
653 577 720 620 non
752 555 851 620 modo
882 555 1064 639 provinciis
1095 563 1197 640 atque
1226 555 1305 620 oris
1369 541 1370 544 Ἴ

208 682 210 685 ’
245 665 362 729 Italiae
378 662 553 726 maritimis
569 683 607 725 ae
623 660 788 746 portubus
812 659 946 736 nostris,
968 658 1028 724 sed
1053 660 1154 724 etiam
1178 658 1305 744 Appia

246 771 313 833 iam
339 769 395 833 via
421 765 633 841 carebamus3
669 773 704 829 et
734 765 775 828 iis
806 762 1013 848 temporibus
1045 784 1113 827 non
1143 763 1306 848 pudebat

246 873 462 959 magistratus
501 871 618 956 populi
657 869 800 934 Romani
838 869 874 931 in
905 867 995 932 hune
1034 868 1145 953 ipsum
1179 868 1303 932 locum

244 976 432 1051 escendere,
465 996 541 1039 oum
579 995 657 1039 eum
697 973 793 1038 nobis
834 973 974 1037 maiores
1016 973 1121 1036 nostri
1157 974 1302 1037 exuviis

191 1099 221 1144 ao
242 1082 386 1146 nauticis
432 1088 467 1144 et
509 1080 667 1144 classium
703 1078 818 1162 spoliis
860 1086 1014 1142 ornatum
1057 1077 1301 1161 reliquissent!

191 1188 232 1251 56
244 1202 322 1248 xix.
337 1185 431 1248 Bono
445 1192 477 1248 te
491 1184 602 1246 animo
618 1190 701 1259 tum,
721 1181 763 1260 Q.
778 1181 949 1258 Hortensi,
963 1181 1109 1266 populus
1120 1181 1301 1246 Romanus

244 1298 279 1354 et
289 1296 426 1365 eeteros
440 1289 499 1372 qui
515 1294 611 1352 erant
627 1288 661 1349 in
677 1285 794 1352 eadem
809 1286 986 1362 sententia,
1000 1285 1110 1350 dioere
1126 1273 1303 1350 existima-

245 1395 297 1458 vit
319 1414 366 1469 ea,
391 1413 477 1476 quae
493 1390 709 1465 sentiebatis;
742 1389 801 1455 sed
818 1397 928 1454 tamen
944 1390 980 1453 in
996 1390 1105 1455 salute
1122 1393 1300 1455 communi

245 1497 334 1561 idem
361 1497 506 1580 populus
535 1496 705 1559 Romanus
733 1494 838 1559 dolori
866 1514 928 1558 suo
945 1494 1066 1558 maluit
1092 1515 1192 1579 quam
1217 1515 1300 1559 auo-

204 1601 370 1665 storitati
400 1609 528 1664 vestrae
560 1608 800 1684 optemperare.
850 1597 972 1682 Itaque
1004 1619 1072 1662 una
1103 1599 1170 1675 lex,
1202 1620 1298 1664 unus

246 1705 305 1780 vir,
334 1725 421 1767 unus
453 1724 561 1767 annus
588 1724 656 1766 non
673 1702 770 1766 modo
787 1723 846 1765 nos
878 1701 936 1765 illa
966 1702 1100 1767 miserie
1126 1723 1164 1767 ae
1188 1705 1298 1787 turpi·

245 1807 362 1871 tudine
390 1807 554 1881 liberavit,
582 1806 642 1873 sed
669 1808 769 1871 etiam
797 1803 920 1881 effecit,
938 1815 977 1870 ut
1003 1805 1186 1891 aliqnando
1213 1829 1296 1873 vere

245 1912 435 1976 videremur
465 1911 618 1976 omnibus
646 1911 804 1997 gentibus
832 1931 869 1974 ao
897 1910 1088 1975 nationibus
1116 1918 1204 1976 terra
1227 1934 1296 1975 ma·

190 2020 229 2082 57
241 2017 335 2101 rique
376 2016 547 2099 imperare.
598 2015 675 2094 Quo
693 2015 774 2076 mihi
805 2015 907 2079 etiam
946 2014 1119 2101 indignius
1152 2015 1291 2080 videtur

191 2135 219 2179 10
241 2118 465 2183 obtrectatum
482 2141 553 2183 esse
576 2118 696 2194 adhue,
715 2117 858 2182 Gabinio
886 2118 994 2183 dioam
1019 2141 1104 2210 anne
1130 2119 1292 2205 Pompeio

244 2247 285 2288 an
312 2226 457 2309 utrique,
482 2224 517 2288 id
542 2223 635 2309 quod
661 2231 714 2287 est
738 2224 861 2301 verius,
878 2225 1115 2311 nelegaretur
1131 2226 1173 2289 A.
1191 2225 1292 2290 Gabi·

244 2331 321 2394 nius
353 2329 414 2393 On.
447 2329 607 2414 Pompeio
639 2330 813 2414 expetenti
851 2350 889 2393 ao
921 2330 1117 2415 postulanti.
1165 2330 1289 2394 Utrum

242 2435 310 2509 ille,
328 2435 385 2518 qui
420 2435 569 2518 postulat
599 2433 640 2498 ad
672 2441 807 2497 tantum
839 2432 967 2498 bellurn
995 2434 1156 2520 legatum,
1189 2456 1289 2518 quem

245 2539 338 2611 velit,
370 2538 510 2603 idoneus
541 2560 609 2602 non
639 2545 699 2612 est,
729 2537 788 2622 qui
821 2539 987 2622 impetret
1020 2559 1096 2601 cum
1123 2540 1223 2602 ceteri
1247 2538 1290 2602 ad

191 2658 218 2702 15
240 2642 437 2725 expilandos
463 2643 569 2707 sooios
593 2641 865 2726 diripiendasque
895 2643 1093 2726 provincias,
1127 2665 1212 2727 quos
1237 2665 1291 2707 vo·
1369 2643 1370 2652 ’

243 2746 390 2822 luerunt,
415 2748 544 2833 legatos
576 2746 765 2822 eduxerint,
794 2767 835 2810 an
867 2747 948 2831 ipse,
977 2749 1073 2811 ouius
1101 2747 1175 2833 lege
1200 2749 1288 2812 salus

243 2871 281 2914 ao
314 2849 461 2937 dignitas
487 2851 611 2936 populo
639 2851 790 2914 Romano
818 2859 920 2935 atque
950 2850 1104 2916 omnibus
1131 2851 1287 2937 gentibus

241 2956 426 3019 constituta
450 2963 511 3031 est,
535 2977 654 3040 expers
679 2976 752 3019 esse
777 2953 878 3020 debet
902 2956 1026 3040 gloriae
1055 2957 1127 3020 eius
1153 2957 1289 3040 impera-

190 3076 217 3119 1o
240 3060 321 3123 toris
344 3067 446 3145 atque
470 3060 543 3125 eins
566 3061 746 3134 exercitus,
773 3060 832 3144 qui
856 3061 994 3124 oonsilio
1018 3061 1123 3145 ipsius
1147 3082 1185 3126 ae
1209 3063 1288 3145 peri-

188 3166 228 3228 58
243 3163 319 3228 culo
342 3171 394 3229 est
416 3164 660 3228 constitutusl·
705 3164 761 3225 An
786 3162 824 3228 Ο.
850 3163 1029 3239 Falcidius
1054 3164 1085 3244 Q
1119 3164 1285 3241 Metellus,

244 3267 285 3346 Q.
322 3268 457 3334 Caelius
492 3268 707 3343 Latiniensis
744 3266 806 3331 Cn.
841 3267 1017 3344 Lentulus,
1053 3290 1137 3354 quos
1175 3290 1285 3333 omnes

243 3370 377 3436 honoris
416 3393 516 3437 eausa
554 3373 700 3448 nomino,
737 3393 813 3436 oum
848 3371 975 3436 tribuni
1011 3372 1098 3456 plebi
1132 3371 1283 3448 fuissent,

243 3497 330 3539 anno
353 3476 505 3559 proximo
529 3476 633 3561 legati
657 3497 729 3540 esse
752 3482 958 3559 potuerunt3
993 3476 1027 3539 in
1052 3497 1120 3540 uno
1145 3474 1284 3541 Gabinio

242 3587 323 3642 sunt
345 3587 414 3642 tam
437 3578 629 3665 diligentes,
654 3579 713 3663 qui
737 3580 771 3640 in
795 3579 857 3642 hoo
881 3578 979 3655 bellu,
1004 3579 1096 3664 quod
1127 3581 1201 3666 lege
1226 3579 1284 3644 Ga-

188 3699 217 3742 aa
239 3682 329 3745 binia
345 3682 484 3766 geritur,
502 3684 536 3744 in
560 3682 623 3745 hoo
648 3684 846 3765 imperatore
872 3691 974 3768 atque
1001 3667 1162 3759 exercitu,
1186 3695 1281 3768 quem

240 3807 299 3869 per
321 3806 381 3848 vos
404 3785 475 3867 ipse
499 3786 686 3861 constituit,
712 3787 813 3849 etiam
845 3788 1026 3871 praecipuo
1051 3788 1123 3852 iure
1143 3809 1213 3852 esse
1234 3787 1283 3852 de-

240 3888 360 3954 beret?
406 3889 458 3952 De
482 3909 550 3973 quo
573 3889 718 3974 legando
750 3891 905 3955 eonsules
940 3913 1037 3978 spero
1061 3892 1104 3957 ad
1136 3900 1282 3958 senatum
