2800 4367
156 297 220 363 174
518 307 726 380 nrrsromn
745 307 942 358 snunc'rnn.

151 538 155 547 .
208 482 411 561 sententiam
440 479 561 556 dicere,
593 485 724 563 praeter
762 477 956 542 Messallam
993 484 1030 543 et
1064 477 1277 546 Afranium.

210 587 351 650 Factum
368 592 420 649 est
434 591 572 648 senatus
589 582 782 646 consultum
799 583 834 644 in
857 603 964 646 meam
989 583 1212 660 sententiam,
1233 593 1279 648 ut

209 712 287 756 oum
304 689 464 773 Pompeio
482 695 647 773 ageretur,
665 693 704 749 ut
728 707 800 750 eam
827 707 896 750 rem
921 688 1114 772 susciperet,
1133 688 1278 773 lexque

209 794 370 868 ferretur3
394 814 462 876 quo
486 798 622 856 senatus
647 790 803 855 consulto
828 791 968 856 recitato
994 793 1157 856 continuo
1184 815 1276 857 oum

155 913 184 956 aa
207 920 296 962 more
327 898 389 962 hoe
419 897 547 988 insulso
578 903 613 960 et
642 916 729 959 novo
760 895 918 979 plausum
949 897 983 958 iu
1014 917 1086 960 meo
1120 899 1278 962 nomine

209 1001 379 1067 renitando
395 999 553 1074 dedisset,
570 998 672 1063 habui
698 999 899 1076 contionem,
928 1017 1030 1083 quam
1053 1021 1170 1066 omnes
1200 1024 1280 1066 ma

209 1107 370 1192 gistratus
402 1111 594 1189 praesentes
622 1110 756 1187 praeter
771 1123 877 1166 uuum
901 1111 1085 1189 praetorem
1110 1112 1149 1168 et
1173 1105 1277 1170 duos

168 1214 186 1275 7
213 1210 364 1276 tribunos
388 1209 433 1293 pl.
450 1207 626 1272 dederunt.
674 1206 842 1270 Postridie
874 1215 1011 1271 senatus
1039 1207 1209 1292 frequens
1239 1220 1280 1276 et

209 1335 322 1377 omnes
346 1313 537 1378 consulares
561 1311 645 1374 nihil
669 1311 830 1396 Pompeio
858 1311 1044 1396 postulanti
1069 1323 1278 1398 negarunt3

156 1432 186 1478 ro
208 1417 264 1482 ille
295 1418 424 1503 legatos
450 1415 643 1501 quindecim
674 1437 752 1480 eum
779 1415 975 1500 postularet,
992 1437 1055 1480 me,
1070 1417 1280 1502 prinoipem

212 1521 396 1585 nominavit
412 1528 446 1584 et
461 1520 503 1584 ad
516 1521 627 1584 omnia
643 1542 695 1584 rue
708 1521 851 1584 alterum
864 1541 898 1584 se
912 1519 982 1585 fore
995 1519 1090 1583 dixit.
1128 1519 1278 1608 Legem

209 1626 364 1690 eonsules
395 1626 675 1709 conscripserunt,
693 1646 761 1709 qua
789 1624 949 1708 Pompeio
981 1646 1040 1709 per
1069 1625 1281 1710 quinquen-

210 1731 304 1793 nium
320 1730 426 1793 omuis
443 1735 591 1813 potestas
616 1730 662 1792 rei
690 1728 927 1794 frumentariae
955 1735 1027 1792 toto
1053 1727 1129 1793 orbe
1159 1737 1281 1796 terra-

209 1855 283 1920 rum
299 1833 453 1907 daretn1·;
478 1833 615 1897 alteram
634 1833 789 1908 Messius,
807 1833 867 1918 qui
883 1832 989 1896 omnis
1013 1833 1177 1917 pecuniae
1207 1835 1280 1900 dat

157 1950 186 1994 ⁷5
208 1945 407 2022 potestatem
431 1946 465 2001 et
488 1936 644 2023 adiungit
672 1936 813 2002 classem
836 1943 871 2000 et
894 1937 1077 2000 exereitum
1094 1943 1128 2001 et
1148 1940 1277 2004 maius

209 2042 386 2125 imperium
401 2042 436 2103 in
452 2042 642 2125 provinciis,
661 2062 760 2125 quam
777 2040 822 2104 sit
837 2062 962 2116 eorum,
979 2041 1038 2124 qui
1061 2062 1114 2108 eas
1130 2041 1280 2110 obtine·

209 2154 283 2209 ant:
309 2146 366 2209 illa
390 2154 509 2215 nostra·
526 2145 581 2208 lex
605 2145 788 2210 consularis
816 2128 1083 2233 nunomodesta
1104 2144 1276 2232 ¹videtur,

211 2251 291 2314 haec
309 2250 424 2314 Messii
439 2271 506 2313 non
520 2248 665 2321 ferenda.
706 2248 884 2333 Pompeius
903 2249 993 2312 illam
1007 2249 1092 2313 velle
1108 2271 1144 2312 se
1162 2249 1276 2328 dicit,

211 2355 390 2418 familiares
403 2355 497 2418 hano.
537 2352 737 2417 Consulares
750 2352 834 2417 duee
853 2353 1001 2425 Favonio
1011 2351 1180 2427 fremunt3
1200 2377 1276 2421 nos

157 2476 187 2521 ao
210 2468 367 2535 tacemus,
385 2468 419 2524 et
442 2481 481 2523 eo
497 2458 612 2543 magis,
629 2457 721 2542 quod
736 2456 777 2520 de
801 2457 899 2520 domo
916 2465 1029 2528 nostra
1048 2457 1130 2520 nihil
1146 2457 1276 2525 adhue

210 2564 385 2648 pontifices
411 2562 674 2648 responderunt:
699 2562 803 2645 quisi
826 2561 1028 2632 sustulerint
1045 2561 1275 2646 religionem,

211 2689 320 2731 aream
346 2669 548 2752 praeclaram
572 2665 775 2741 habebimus,
800 2665 1009 2750 superficiem
1039 2666 1193 2730 consules
1222 2691 1275 2732 ex

210 2780 347 2836 senatus
370 2772 524 2836 consulto
545 2770 787 2844 aestimabunt;
819 2771 872 2832 siu
898 2771 1010 2846 aliter,
1020 2769 1273 2850 demolientur,

174 2881 193 2941 8
215 2898 277 2940 suo
291 2876 422 2939 nomine
439 2875 607 2950 locabunt,
621 2896 690 2938 rem
707 2881 812 2937 totam
827 2873 1061 2937 aestimabunt.
1108 2872 1162 2936 Ita
1177 2883 1275 2943 su'nt

159 2995 188 3040 85
211 3002 262 3044 res
280 2988 421 3055 nostrae,
439 2987 478 3043 ut
494 2980 528 3042 in
544 2978 711 3053 secundis,
729 2976 850 3052 fluxae,
864 2985 902 3040 ut
918 2978 953 3040 in
969 2977 1126 3056 adversiS,
1139 2976 1271 3045 bonae.

212 3083 254 3146 In
271 3105 304 3147 re
328 3083 484 3146 familiari
501 3082 596 3146 valde
618 3103 745 3158 sumus,
763 3089 802 3145 ut
825 3081 899 3156 sois,
917 3081 1112 3164 perturbati.
1162 3081 1274 3148 Prae·

213 3197 303 3250 terea
326 3196 407 3250 sunt
433 3186 596 3271 quaedam
624 3185 815 3261 domestica,
833 3206 918 3269 quae
943 3185 1155 3250 litterisnon
1173 3207 1274 3250 oom-

209 3291 329 3361 mitto:
354 3289 394 3368 Q.
406 3290 540 3354 fratrem
555 3290 678 3375 insigni
694 3290 978 3373 pietate'virtute,
991 3287 1054 3353 fide
1061 3288 1271 3373 praeditum

215 3395 263 3458 sio
286 3415 369 3470 amo,
386 3402 425 3458 ut
456 3394 570 3458 debeo.
617 3379 670 3458 'l‘e‘
696 3401 854 3478 exspecto
887 3401 922 3458 et
952 3414 1018 3470 oro,
1043 3400 1083 3457 ut
1111 3400 1270 3460 matures

161 3514 191 3558 eo
214 3500 326 3564 venire
342 3520 447 3583 eoque
463 3500 574 3562 animo
588 3498 711 3574 venias,
724 3506 764 3562 ut
780 3520 830 3561 me
849 3507 907 3568 tuo
924 3498 1067 3566 oonsilio⁴
1078 3518 1174 3583 egere
1192 3519 1270 3561 non

214 3605 315 3667 sinas·
361 3603 512 3667 Alterius
536 3603 625 3666 vitae
649 3602 831 3685 quoddam¹
846 3603 980 3672 initium
995 3587 1168 3683 ordimur:
1194 3602 1269 3666 iam

217 3706 363 3788 quidam,
380 3707 439 3787 qui
467 3726 525 3766 nos
552 3705 704 3767 absentes
732 3704 965 3780 defenderunt,
981 3706 1149 3789 incipiunt
1171 3727 1270 3790 prae·

217 3807 369 3880 sentibus
385 3807 514 3868 oooulte
531 3807 636 3881 irasci,
653 3814 766 3889 aperte
789 3806 959 3883 invidere3
983 3809 1205 3879 ,vehementer
1227 3815 1269 3875 te

219 3895 430 3989 requirimus.
