2800 4367
193 322 230 385 18
445 330 585 381 onnrro
608 332 647 381 m
670 332 884 381 onrrnrnnn
906 330 1090 381 sueonos.

241 504 428 568 mehercule
460 503 607 568 Catilina
635 502 801 567 exhausto
827 501 939 567 levata
963 490 1045 565 mihi
1076 509 1116 565 et
1154 511 1325 567 recreata

241 607 442 692 respublica
459 607 601 673 videtur.
651 606 745 686 Quid
761 607 850 670 enim
872 606 948 669 nrali
974 613 1034 670 aut
1056 606 1214 669 sceleris
1235 606 1324 693 fingi

241 722 301 777 aut
331 714 470 799 cogitari
501 720 623 797 potest,
655 710 748 795 quod
778 732 846 775 uon
875 710 933 775 ille
965 711 1202 795 conceperit?
1241 715 1324 796 quis

241 826 312 882 tota
342 818 440 881 ltalia
472 816 649 889 veneficus,
679 816 755 899 quis
782 814 957 901 gladiator,
987 815 1062 899 quis
1090 815 1205 891 latro,
1237 818 1323 901 quis

192 941 218 983 15
240 924 388 998 sicarius,
414 923 490 1005 quis
512 919 684 1005 parricida,
709 920 785 1004 quis
811 926 1088 983 testamentorum
1111 920 1322 995 subiector,

242 1028 317 1112 quis
356 1026 631 1108 circumscriptor,
672 1024 748 1107 quis
788 1045 906 1109 ganeo,
947 1024 1023 1107 quis
1062 1046 1186 1107 nepoS,
1236 1027 1323 1110 quis

242 1131 383 1205 adulter,
402 1151 487 1214 quae
505 1127 624 1191 mulier
640 1127 785 1203 infamis,
802 1128 879 1212 quis
902 1136 1076 1212 corruptor
1092 1129 1321 1206 iuventutis

242 1236 318 1319 quis
349 1240 536 1317 corruptus
565 1232 640 1316 quis
672 1230 824 1315 perditus
853 1233 995 1295 inveniri
1021 1238 1141 1315 potest,
1173 1236 1250 1318 qui
1281 1258 1320 1300 se

243 1361 319 1404 cum
337 1338 482 1401 Catilina
497 1358 564 1400 non
588 1334 843 1399 familiarissime
869 1337 993 1399 vixisse
1018 1335 1194 1400 fateatur?
1216 1361 1319 1423 quae

191 1460 219 1503 20
242 1442 358 1507 caedes
383 1463 441 1525 per
464 1440 561 1503 hosce
585 1461 688 1503 annos
711 1440 782 1504 sine
807 1439 865 1503 illo
889 1440 979 1503 facta
1003 1446 1063 1515 est,
1090 1425 1183 1525 quod
1212 1443 1320 1507 nefa-

205 1547 327 1611 8rium
357 1552 511 1629 stuprum
537 1565 604 1607 non
632 1544 837 1627 perillum?
882 1544 952 1607 Iam
980 1565 1058 1607 vero
1083 1566 1169 1629 quae
1203 1554 1318 1610 tanta

244 1670 402 1734 umquam
430 1650 465 1711 in
493 1649 562 1712 ullo
591 1649 780 1713 iuventutis
806 1648 971 1712 inlecebra
996 1646 1072 1723 fuit,
1100 1657 1237 1732 quanta
1275 1653 1314 1714 in

244 1754 326 1817 illo?
356 1753 415 1837 qui
438 1749 520 1817 alios
546 1754 615 1836 ipse
641 1753 775 1816 amabat
799 1753 1000 1837 turpissime,
1024 1753 1165 1816 aliorum
1188 1758 1312 1819 amori

243 1856 500 1943 flagitiosissime
517 1858 692 1933 serviebat,
720 1858 794 1920 aliis
819 1855 969 1920 fructum
994 1857 1193 1935 lubidinum,
1219 1862 1311 1925 aliis

192 1979 220 2023 25
244 1969 383 2026 mortem
404 1971 581 2046 parentum
607 1984 673 2026 non
699 1961 797 2024 modo
826 1961 1027 2045 inpelleudO,
1050 1985 1166 2025 verum
1191 1966 1309 2028 etiam

244 2066 434 2130 adiuvando
458 2067 689 2152 pollicebatur.
737 2066 836 2128 Nunc
863 2088 940 2129 vero
962 2087 1064 2150 quam
1086 2067 1197 2131 subito
1226 2090 1306 2132 non

243 2174 352 2256 solum
369 2194 410 2237 cx
427 2172 518 2247 urbe,
533 2193 650 2235 verum
666 2171 821 2233 etiamen
832 2170 920 2254 agris
934 2170 1103 2256 ingentem
1116 2193 1306 2242 numerum

244 2276 450 2361 perditorum
468 2276 640 2339 hominum
660 2272 861 2359 collegerat!
904 2274 1009 2339 Nemo
1032 2296 1099 2337 non
1116 2275 1214 2338 modo
1231 2277 1304 2340 Ro-

245 2403 326 2457 mae,
335 2381 394 2447 sed
404 2382 473 2444 ullo
484 2381 518 2443 in
530 2380 655 2465 angulo
667 2379 771 2442 totius
782 2378 900 2442 Italiae
911 2401 1088 2462 oppressus
1099 2401 1173 2443 aere
1184 2380 1301 2445 alieno

193 2500 224 2547 30.
242 2485 319 2561 fuit,
329 2507 428 2569 quem
440 2506 506 2548 non
517 2484 632 2547 adhoc
644 2481 840 2547 incredibile
850 2483 985 2546 sceleris
997 2482 1116 2547 foedus
1126 2485 1296 2547 asciverit.

208 2592 227 2653 9
244 2608 276 2652 v.
302 2590 418 2673 Atque
436 2596 475 2652 ut
491 2590 562 2652 eius
584 2587 716 2651 diversa
731 2586 844 2650 studia
860 2589 894 2649 in
911 2586 1063 2650 dissimili
1081 2588 1207 2651 ratione
1223 2611 1297 2671 per-

244 2694 370 2778 spicere
398 2694 541 2777 possitis,
560 2714 657 2756 nenio
681 2698 733 2755 est
756 2692 790 2753 in
812 2691 892 2754 ludo
908 2690 1106 2775 gladiatorio
1127 2693 1227 2775 paulo
1250 2692 1294 2755 ad

244 2797 375 2862 facinus
392 2796 558 2873 audacior,
577 2798 686 2882 quise
704 2818 769 2859 non
789 2796 946 2858 intimum
964 2794 1129 2860 Catilinae
1153 2818 1224 2861 esse
1248 2796 1294 2859 fa-

245 2910 366 2978 teatur,
380 2924 476 2965 nemo
486 2903 521 2965 in
534 2924 653 2966 scaena
664 2903 770 2966 levior
785 2908 820 2965 et
835 2900 986 2984 nequior,
999 2900 1058 2983 qui
1073 2922 1108 2963 sc
1125 2922 1192 2963 non
1209 2901 1294 2963 eius-

207 3022 221 3065 5
245 3007 320 3071 dem
344 3028 445 3091 prope
468 3006 615 3071 sodalem
639 3006 745 3071 fuisse
772 3011 1015 3070 commemoret.
1062 3004 1179 3087 Atque
1202 3003 1291 3068 idem

246 3118 358 3174 tamen
377 3120 570 3195 stuprorum
592 3118 626 3175 et
641 3111 806 3174 scelerum
823 3106 1061 3172 exercitatione
1077 3105 1292 3171 adsuefactus

246 3214 368 3300 frigore
394 3223 429 3279 et
453 3215 539 3280 fame
565 3224 599 3279 et
623 3216 680 3279 siti
705 3220 740 3277 ct
755 3212 881 3298 vigiliis
908 3208 1119 3293 perferundis
1139 3210 1235 3274 fortis
1251 3212 1292 3275 ab

244 3318 317 3383 istis
343 3319 604 3404 praedicabatur,
630 3340 706 3382 cum
734 3315 918 3379 industriae
946 3311 1095 3377 subsidia
1118 3321 1222 3396 atque
1246 3314 1292 3373 in-

209 3436 223 3481 a
245 3429 432 3487 strumenta
453 3423 590 3487 virtutis
614 3422 647 3483 in
671 3418 823 3482 lubidine
847 3416 1054 3499 audaciaque
1071 3422 1289 3478 consumeret.

197 3528 234 3590 10
246 3526 348 3591 Hunc
380 3549 459 3592 vero
490 3527 518 3589 si
548 3524 655 3589 secuti
686 3528 787 3585 erunt
816 3521 868 3583 sui
900 3518 1107 3602 comites-si
1138 3540 1180 3581 ex
1211 3515 1289 3580 urbe

246 3632 390 3695 exierint
406 3628 657 3713 desperatorum
674 3625 849 3688 hominum
864 3621 1022 3709 flagitiosi
1042 3644 1172 3709 greges,
1189 3644 1208 3686 o
1232 3642 1290 3685 nos

246 3732 368 3807 beatos,
395 3754 414 3793 o
436 3752 504 3793 rem
528 3728 696 3812 publicam
720 3727 935 3803 fortunatam,
960 3749 979 3790 o
1001 3725 1200 3812 praeclaram
1225 3726 1291 3788 lau-

247 3836 322 3897 dem
349 3833 544 3895 consulatus
572 3831 656 3897 mcii
689 3832 764 3896 Non
791 3833 880 3896 enim
910 3833 975 3895 iam
1002 3839 1084 3896 sunt
1110 3832 1289 3897 mediocres
