2800 4367
224 349 279 399 ar.
301 347 408 414 xvu,
431 349 446 413 s
469 349 529 414 aa
551 347 673 413 xvnr,
698 349 713 414 s
737 351 796 414 aa,
817 347 909 414 xm,
933 347 948 412 s
971 349 994 400 1.
1121 329 1185 398 165

72 540 201 585 casum
215 528 286 585 tam
300 522 448 608 graviter
470 520 586 598 ieram,
603 521 704 588 debes
723 523 906 609 ignoscere,
926 541 1003 585 cum
1019 521 1068 585 ita
1082 541 1135 585 me
1160 536 1188 580 ro

74 624 247 690 afflictum
268 624 394 702 videas,
410 634 451 690 ut
473 627 641 691 neminem
663 648 824 711 umquam
847 647 908 690 nec
925 623 1049 690 videris
1073 647 1134 691 nec

74 727 232 793 audieris
247 731 364 816 magis.
410 729 506 807 Nam,
523 729 615 815 quod
629 731 746 796 scribis
763 738 797 797 te
820 728 936 796 audire
959 751 1011 796 me
1034 730 1135 796 etiam

76 833 210 897 mentis
232 855 341 898 errore
364 855 407 898 ex
432 832 545 898 dolore
570 833 667 911 affici,
684 835 767 899 mihi
783 856 863 901 vero
887 855 980 898 mens
1004 835 1136 921 integra

77 943 160 1010 est;
184 945 284 1021 atque
301 939 430 1003 utinam
446 940 565 1004 tamin
582 939 733 1024 periculo
748 938 887 1006 fuisset!
914 959 990 1002 cum
1006 961 1068 1025 ego
1084 940 1136 1014 iis,
1159 958 1189 1004 ae

80 1041 212 1124 quibus
227 1063 335 1107 meam
349 1043 494 1108 salutem
508 1044 711 1108 carissimam
727 1065 798 1110 esse
821 1041 1013 1118 arbitrabar,
1030 1043 1137 1107 inimi-

80 1146 229 1210 cissimis
250 1146 555 1233 crudelissimisque
572 1169 654 1212 usus
670 1169 757 1224 sum,
773 1150 843 1233 qui,
859 1157 899 1213 ut
915 1169 967 1212 me
983 1147 1134 1231 paullum

82 1249 242 1313 inclinari
266 1252 384 1316 timore
409 1251 579 1328 viderunt,
595 1252 643 1316 sic
667 1253 886 1338 impulerunt,
904 1260 944 1316 ut
966 1253 1055 1316 omni
1075 1273 1135 1316 suo

84 1355 213 1418 scelere
225 1363 259 1418 et
269 1355 409 1440 perfidia
420 1355 641 1421 abuterentur
652 1356 695 1420 ad
708 1358 849 1422 exitium
865 1377 986 1422 meum.
1025 1355 1157 1432 Nunc,
1231 1355 1238 1370 '

85 1459 248 1541 quoniam
264 1468 316 1525 est
331 1460 493 1546 Cyzicum
510 1460 605 1526 nobis
621 1461 781 1538 eundum,
799 1484 866 1547 quo
888 1462 996 1526 rarius
1019 1460 1062 1524 ad
1084 1483 1136 1525 me
1160 1477 1190 1522 aa

85 1562 221 1628 litterae
244 1563 466 1651 perferentur,
483 1565 546 1630 boc
563 1566 667 1631 velim
689 1565 887 1653 diligentius
910 1567 1030 1640 omnia,
1049 1586 1135 1651 quae

88 1671 219 1750 putaris
248 1691 300 1735 me
331 1670 415 1735 scire
446 1691 530 1755 opus
560 1692 643 1746 esse,
675 1669 869 1756 perscribas.
931 1669 973 1749 Q.
997 1669 1136 1736 fratrem

91 1785 201 1836 meum
213 1773 266 1839 fac
276 1773 407 1861 diligas,
419 1796 521 1859 quem
529 1797 592 1862 ego
604 1777 703 1840 miser
716 1776 744 1840 si
757 1776 958 1840 incolumem
971 1776 1136 1860 relinquo,

90 1898 161 1940 uon
172 1900 222 1943 me
232 1887 342 1943 totum
353 1879 479 1965 perisse
491 1878 684 1943 arbitrabor.
717 1878 807 1943 Data
819 1878 925 1943 Nonis
938 1877 1134 1944 Sextilibus.

549 2311 650 2376 XIX.

466 2485 523 2543 (Ao
537 2485 607 2532 Arr.
624 2497 665 2531 ιιι.
677 2485 726 2542 19.)

414 2649 546 2697 CICERO
568 2647 699 2696 ATTICO
723 2645 800 2696 SAL.

140 2805 253 2886 Quoad
268 2806 433 2874 eiusmodi
449 2807 530 2871 mihi
546 2807 679 2872 litterae
696 2829 716 2870 a
736 2804 830 2870 vobis
853 2803 1079 2870 afferebantur
1095 2813 1134 2869 ut
1159 2809 1175 2870 1

102 2908 216 2995 aliquid
242 2935 284 2978 ex
316 2914 356 2977 iis
388 2920 477 2976 esset
506 2909 782 2996 exspectandum,
807 2932 865 2995 spe
893 2917 928 2974 et
951 2909 1135 2994 cupiditate

103 3012 345 3082 Thessalonicae
376 3023 527 3081 retentus
550 3038 644 3090 sum;
676 3023 893 3101 posteaquam
917 3015 1024 3079 omnis
1049 3016 1136 3077 actio

39 3130 40 3133 ’
102 3113 190 3184 huius
204 3123 283 3185 anni
299 3119 453 3185 coniecta
468 3120 563 3184 nobis
579 3119 766 3198 videbatur,
781 3121 816 3183 in
832 3120 949 3184 Asiam
966 3120 1013 3182 ire
1030 3119 1135 3193 nolui,

105 3223 183 3302 quod
203 3232 237 3290 et
260 3224 435 3290 celebritas
458 3224 540 3288 mihi
564 3223 641 3288 odio
664 3232 717 3289 est
739 3233 782 3300 et,
799 3225 827 3288 si
844 3224 939 3288 fieret
963 3221 1094 3307 aliquid
1118 3244 1138 3286 a
1175 3238 1190 3282 a

106 3329 187 3392 novis
209 3327 470 3417 magistratibus,
493 3328 607 3393 abesse
632 3328 732 3414 longe
763 3327 937 3393 nolebam:
963 3329 1077 3412 itaque
1101 3329 1136 3390 in

40 3454 41 3467 ¹
107 3426 229 3513 Epirum
246 3434 288 3500 ad
308 3440 341 3498 te
368 3434 473 3498 statui
497 3454 549 3497 me
574 3431 737 3507 conferre,
756 3455 823 3497 non
848 3454 916 3518 quo
940 3454 1013 3497 mea
1037 3433 1137 3497 inter·

109 3544 183 3600 esset
194 3538 257 3602 loci
273 3546 404 3612 natura,
421 3539 480 3621 qui
496 3538 606 3601 lucem
622 3539 758 3601 omnino
780 3537 944 3624 fugerem,
962 3537 1022 3603 sed
1038 3546 1072 3602 et
1094 3537 1136 3601 ad

41 3680 42 3689 ι
109 3637 232 3704 salutem
253 3642 471 3706 libentissime
495 3664 538 3705 ex
561 3650 619 3705 tuo
642 3650 743 3727 portu
766 3643 955 3727 proficiscar
978 3651 1022 3718 et,
1046 3644 1074 3707 si
1098 3663 1137 3707 ea

110 3746 237 3820 praecisa
252 3747 323 3821 erit,
342 3766 507 3830 nusquam
533 3745 667 3809 facilius
690 3746 776 3812 hanc
801 3748 1019 3812 miserrimam
1034 3747 1138 3811 vitam
1161 3764 1190 3809 ιο

91 3845 155 3934 οιειΙ
174 3850 364 3914 sustentabo
387 3851 452 3925 vel,
478 3850 570 3935 quod
594 3851 702 3915 multo
730 3859 782 3914 est
809 3851 939 3926 melius,
965 3848 1135 3924 abiece1·o;
