2800 4367
480 389 560 440 cnr.
585 391 640 447 aa,
660 391 675 452 r
698 390 784 441 ran.
1134 380 1198 445 183

110 562 157 625 ita
190 561 330 639 horrido,
363 570 403 626 ut
440 560 568 646 Capua,
607 563 642 624 in
681 583 748 647 qua
785 562 857 647 ipsa
888 574 960 627 tum
992 565 1146 650 imaginis

112 665 268 730 ornandae
296 687 397 730 causa
425 665 679 729 duumviratum
701 666 849 752 gerebat,
867 665 1048 752 Seplasiam
1073 669 1147 732 sub

111 769 233 834 laturus
250 769 433 836 videretur.
479 769 565 833 Nam
583 769 666 855 quid
682 791 746 856 ego
762 769 802 834 de
824 759 1003 856 supercilio
1027 771 1144 856 dicam,
1169 789 1199 836 20

112 873 194 957 quod
209 882 282 938 tum
307 874 500 939 hominibus
528 896 594 937 non
621 875 848 959 supercilium,
865 875 924 940 sed
952 877 1075 963 pignus
1099 879 1145 942 rei

57 1011 62 1019 ·
112 978 253 1061 publicae
285 979 486 1044 videbatur?
546 979 657 1042 Tanta
687 986 760 1043 erat
790 980 939 1066 gravitas
972 981 1005 1042 in
1038 981 1145 1058 oculo,

40 1167 41 1172 η
112 1090 197 1145 tanta
222 1083 409 1147 contractio
436 1082 568 1158 frontis
594 1090 634 1147 ut
660 1082 720 1146 illo
747 1083 927 1168 supercilio
954 1105 1062 1148 annus
1090 1085 1147 1150 illc

113 1186 168 1249 niti
181 1193 352 1271 tamquam
369 1186 453 1253 vade
467 1186 647 1252 videretur.
694 1187 778 1250 Erat
789 1186 843 1251 hic
856 1189 1005 1252 omnium
1018 1210 1143 1252 sermo:
1161 1193 1201 1254 20

114 1289 186 1353 ‘Est
200 1298 312 1354 lamen
325 1292 372 1356 rei
384 1290 540 1376 publicae
553 1313 712 1378 magnum
727 1291 926 1376 firmumque
941 1291 1127 1356 subsidium
1139 1317 1146 1368 ;
1171 1309 1200 1353 ae

113 1393 217 1471 habea,
233 1417 334 1480 quem
351 1417 516 1480 opponam
532 1395 599 1459 labi
626 1395 677 1459 illi
703 1403 805 1480 atque
831 1417 933 1460 caeno
948 1420 955 1470 ;
980 1397 1079 1460 vultu
1096 1419 1148 1461 me

113 1497 180 1562 dius
195 1499 293 1564 fidius
310 1500 458 1587 collegae
474 1501 527 1564 sui
544 1498 718 1564 libidinem
736 1501 976 1585 levitatemque
994 1500 1129 1588 franget
1139 1526 1148 1577 3

112 1601 236 1668 babebit
259 1613 396 1668 senatus
421 1604 456 1667 in
482 1604 571 1668 hunc
596 1626 732 1680 armum,
751 1626 850 1688 quem
868 1613 1048 1689 sequatur3
1079 1626 1146 1669 non

113 1705 209 1771 deerit
233 1717 352 1772 auctor
377 1718 412 1772 et
442 1707 513 1772 dux
545 1707 661 1772 bonis’
710 1709 794 1770 Mihi
823 1707 969 1793 deniqne
997 1708 1148 1773 homines

112 1813 277 1897 praecipue
301 1811 570 1899 gratulabantur,
587 1812 679 1897 quod
703 1812 877 1876 habiturus
902 1833 1008 1878 essem
1032 1821 1150 1878 contra
1172 1829 1201 1872 ao

40 1988 41 1991 Ἴ
113 1914 272 1979 tribunum
303 1916 349 2001 pl.
380 1915 546 1980 furiosum
577 1926 613 1980 et
643 1916 802 1980 audacem
836 1937 911 1980 cum
943 1917 1085 1980 amicum
1114 1924 1149 1981 et

113 2018 252 2098 adfinem,
270 2029 343 2084 tum
360 2021 463 2085 etiarn
480 2020 602 2085 fortem
619 2028 655 2084 et
669 2043 807 2106 gravem
824 2020 1006 2085 consulem.

149 2141 196 2187 [x.
222 2125 341 2210 Atque
358 2144 472 2189 eornm
489 2125 575 2189 alter
590 2123 717 2189 fefellit
733 2126 910 2214 neminem.
958 2124 1043 2204 Quis
1059 2125 1149 2189 enim

113 2227 233 2293 clavum
250 2229 340 2293 tanti
365 2229 495 2313 imperii
521 2237 635 2293 tenere
658 2237 693 2293 et
718 2229 945 2315 gubernacula
971 2230 1017 2293 rei
1043 2229 1149 2313 publi·

113 2353 160 2396 cae
174 2341 316 2398 tractare
341 2335 376 2396 in
402 2334 549 2397 maximo
572 2354 671 2397 cursu
696 2355 735 2397 ac
760 2331 920 2397 fluctibus
946 2355 1041 2416 posse
1067 2333 1150 2396 arbi-

112 2443 245 2500 traretur
266 2437 438 2501 hominem
462 2457 627 2500 emersum
654 2437 767 2500 subito
794 2458 836 2501 ex
865 2436 1034 2500 diuturnis
1059 2443 1149 2500 tene·

112 2537 170 2604 bris
193 2541 375 2606 lustrorum
402 2562 439 2605 ac
468 2549 671 2625 stuprorum,
700 2542 791 2616 vino,
820 2542 945 2626 ganeis,
973 2540 1149 2604 lenociniis
1186 2555 1200 2598 t

40 2650 41 2719 j
112 2631 346 2730 adulteriisque
363 2644 567 2722 confectum,
584 2667 660 2708 cum
678 2646 707 2708 is
731 2653 864 2729 praeter
883 2667 975 2729 spem
999 2646 1034 2707 iu
1058 2645 1149 2708 altis-

111 2748 185 2812 simo
199 2749 307 2836 gradu
323 2750 441 2814 alienis
459 2749 580 2834 opibus
602 2750 736 2832 positus
760 2757 857 2824 esset,
875 2750 934 2833 qui
958 2770 1025 2811 non
1050 2747 1148 2812 modo

40 2848 41 2907 ἕ
112 2859 334 2938 tempestatem
365 2852 606 2938 inpendentem
629 2853 754 2916 intueri
780 2853 998 2927 temulentus,
1023 2851 1081 2915 sed
1106 2873 1147 2915 ne

40 3020 41 3045 ζ
112 2953 209 3020 lucem
222 2957 362 3042 quidem
374 2957 543 3021 insolitam
562 2957 708 3040 aspicere
725 2956 863 3039 posset?
910 2955 1010 3019 Alter
1022 2954 1147 3017 multos
1163 2958 1200 3019 21

40 3060 41 3141 ζ
112 3059 198 3142 plane
214 3063 249 3124 in
278 3063 387 3125 omnis
415 3062 519 3146 partis
547 3059 681 3124 fefellit.
743 3060 826 3124 Erat
857 3060 946 3124 enim
974 3060 1148 3123 hominum
1172 3073 1201 3118 10

113 3166 249 3248 opinioni
281 3166 456 3230 nobilitate
489 3166 572 3249 ipsa,
603 3163 726 3228 blanda
757 3164 1031 3239 conciliatricula,
1063 3184 1148 3227 oom-

113 3270 289 3335 mendatus.
337 3269 464 3334 Omnes
487 3269 567 3333 boni
591 3291 721 3352 semper
744 3267 913 3331 nobilitati
931 3266 1093 3343 favemus
1113 3274 1148 3330 et

114 3375 183 3455 quia
197 3376 279 3440 utile
297 3376 413 3439 estrei
430 3373 584 3458 publicae
601 3373 731 3437 nobiles
753 3373 905 3436 homines
932 3393 1003 3436 esse
1027 3371 1147 3458 dignos

115 3479 281 3544 maioribus
307 3480 388 3554 suia,
416 3487 452 3542 et
476 3479 558 3562 quia
580 3479 673 3541 valet
697 3477 788 3560 apud
813 3498 873 3540 nos
902 3477 1067 3541 clarorum
1091 3475 1148 3538 ho-

116 3582 230 3646 minum
260 3593 295 3648 et
325 3583 409 3647 bene
442 3581 482 3646 de
515 3603 549 3645 re
581 3580 717 3664 publiea
755 3583 950 3645 meritorum
989 3580 1200 3645 memoriam

116 3686 203 3750 etiam
233 3696 452 3751 mortuorum.
501 3685 590 3764 Quia
621 3686 753 3748 tristem
785 3707 924 3770 semper,
957 3687 1038 3770 quia
1069 3684 1147 3748 taei-

117 3794 250 3868 tumum,
276 3794 358 3876 quia
389 3789 627 3855 subhorridum
652 3796 754 3872 atque
783 3790 949 3852 incultum
975 3788 1146 3864 videbant,

118 3900 145 3954 et
158 3897 243 3978 quod
258 3904 332 3960 erat
354 3917 394 3960 eo
421 3896 564 3968 nomine,
583 3902 622 3956 ut
648 3894 845 3978 ingenerata
867 3893 1014 3956 familiae
1035 3891 1147 3977 fruga-
