2800 4367
196 349 259 412 ⁶206
544 358 615 408 rao
639 360 668 407 r.
693 358 821 408 snsrro
844 357 992 415 oacrio.

249 532 399 616 marique
437 531 633 615 compressis
673 529 849 614 imperium
886 529 1001 614 populi
1034 529 1175 592 Romani
1209 524 1305 591 orbis

250 645 413 700 terrorum
424 633 574 698 terminis
587 633 767 708 definisset,
780 654 848 697 rem
861 632 1031 717 publicam
1047 632 1155 698 everti
1170 631 1304 697 scelere
1365 647 1366 700 ᾗ

249 760 441 825 paucorum,
469 759 571 822 quam
595 739 665 821 ipse
694 759 760 800 non
788 736 897 800 solum
922 737 1083 814 consiliis
1109 737 1304 824 sedetiam
1365 747 1366 776 ³

248 843 412 929 sanguine
425 864 486 906 suo
501 863 599 926 saepe
616 849 798 916 servassem
822 843 964 906 accessit
980 840 1022 905 ad
1038 863 1173 906 causam
1189 838 1307 925 publi·
1365 919 1366 922 Ἴ

199 965 225 1008 15
248 968 329 1022 cam,
348 945 472 1010 restitit
487 945 685 1011 auctoritate
703 967 764 1009 sua
786 945 925 1030 reliquis
953 945 1061 1021 rebus,
1079 951 1223 1030 questus
1249 949 1307 1008 est

250 1050 290 1115 de
316 1049 513 1135 praeteritis.
561 1048 648 1112 Fieri
675 1049 840 1132 quaedam
864 1048 909 1112 ad
934 1049 1104 1114 meliorem
1129 1071 1225 1132 spem
1255 1047 1306 1111 in·

196 1155 384 1220 68clinatio
410 1154 482 1217 visa
508 1160 569 1219 cst.
617 1154 777 1218 Decrevit
803 1161 939 1218 senatus
967 1152 1127 1238 frequens
1153 1152 1194 1217 de
1224 1175 1307 1216 meo
1365 1157 1366 1160 ’

250 1259 361 1323 reditu
381 1257 543 1323 Kalendis
567 1257 673 1321 Iuniis
698 1257 917 1346 dissentiente
946 1257 1040 1320 nullo
1066 1255 1233 1321 referente
1265 1255 1306 1318 L.

250 1363 384 1439 Ninni0,
401 1343 497 1428 cuius
521 1363 555 1425 in
581 1383 653 1425 mea
675 1383 776 1426 causa
803 1383 985 1445 numquam
1011 1359 1092 1438 fides
1118 1361 1307 1445 virtusque
1365 1351 1366 1356 ἵ

196 1487 226 1532 ac
247 1468 459 1532 contremuit.
507 1466 702 1531 Intercessit
728 1466 833 1552 Ligus
861 1467 923 1530 iste
951 1466 1061 1530 nescio
1084 1467 1152 1550 qui,
1170 1464 1309 1528 addita·
1365 1547 1366 1550 Ἴ

250 1580 399 1636 mentum
410 1571 621 1635 inimicorum
637 1591 796 1634 meorum.
845 1569 909 1634 Res
927 1577 1001 1633 crat
1017 1578 1051 1634 et
1068 1591 1167 1634 causa
1184 1576 1308 1633 nostra

151 1697 153 1700 ·
249 1697 288 1740 eo
318 1677 384 1739 iam
414 1676 488 1751 loci,
515 1684 554 1740 ut
592 1676 719 1761 erigere
752 1675 866 1738 oculos
898 1682 932 1738 ct
967 1676 1080 1738 vivere
1113 1673 1305 1738 videretur.
1365 1679 1366 1746 i

250 1779 413 1864 Quisquis
430 1787 511 1854 erat,
525 1764 583 1864 qui
600 1778 749 1863 aliquam
765 1779 945 1862 partemin
963 1800 1034 1842 mco
1052 1778 1148 1842 luctu
1160 1779 1305 1842 sceleris

251 1883 406 1947 Clodiani
423 1884 598 1969 attigisset,
618 1904 830 1966 quocumque
856 1890 1003 1959 venerat,
1022 1881 1113 1966 quod
1135 1882 1306 1946 iudicium
1365 1869 1366 1918 ³

196 2003 226 2048 25
248 2009 391 2072 cumque
414 1987 571 2063 subierat,
588 1985 808 2050 damnabatur
820 2011 828 2062 ;
854 1987 1089 2051 inveniebatur
1111 2007 1220 2064 nemu,
1239 1989 1306 2071 qui
1365 1995 1366 2068 ᾗ

249 2113 284 2155 se
309 2090 508 2177 suffragium
534 2091 575 2156 de
601 2112 652 2156 me
680 2090 799 2156 tulisse
825 2091 1050 2156 confiteretur.
1098 2090 1308 2155 Decesserat
1365 2077 1366 2080 Ἴ

252 2218 294 2280 err
311 2196 393 2259 Asia
408 2194 511 2259 irater
527 2217 619 2260 meus
650 2217 772 2282 magno
797 2196 961 2280 squalore,
978 2195 1037 2260 scd
1063 2195 1169 2258 multo
1194 2196 1306 2259 etiam

252 2300 373 2364 maiore
390 2321 545 2364 maerore.
594 2299 683 2364 Huic
700 2299 743 2364 ad
766 2300 881 2365 urbem
900 2299 1045 2364 venienti
1071 2305 1141 2363 tota
1162 2297 1305 2362 obviam

249 2405 367 2468 civitas
384 2426 460 2468 cum
476 2405 618 2469 lacrimis
635 2406 832 2491 gemituque
850 2412 1055 2490 processerat
1065 2428 1073 2481 3
1097 2403 1306 2488 loquebatur
1365 2393 1366 2476 i

197 2527 227 2572 ao
248 2508 384 2573 liberius
410 2518 563 2583 senatus3
596 2509 838 2574 concurrebant
864 2510 996 2593 equites
1024 2509 1183 2581 Romani3
1218 2507 1304 2572 Piso
1365 2587 1366 2592 ἵ

250 2612 317 2687 ille,
334 2634 437 2699 gener
453 2634 557 2688 meuS,
571 2613 626 2676 cui
644 2611 792 2676 fructum
809 2613 943 2697 pietatis
961 2634 1039 2676 suae
1058 2633 1165 2695 neque
1182 2633 1227 2674 cx
1246 2633 1302 2676 me

250 2739 359 2802 neque
375 2739 394 2779 a
413 2717 537 2801 populo
566 2716 714 2780 Romano
741 2716 826 2780 ferre
852 2716 996 2791 licuita
1022 2715 1209 2800 propinquo
1235 2736 1303 2779 suo
1365 2763 1366 2766 ,

250 2843 401 2886 socerum
416 2842 515 2885 suum
535 2819 728 2907 flagitabat;
753 2821 863 2884 omnia
887 2828 1022 2884 senatus
1047 2818 1213 2892 reiciebat,
1232 2819 1303 2882 nisi
1365 2807 1366 2860 Ῑ

251 2925 291 2989 de
308 2948 358 2990 mc
376 2926 519 3009 primum
534 2925 689 2989 consules
706 2925 925 2989 rettulissent.

184 3028 237 3088 ’69
291 3045 413 3091 xxxu.
438 3028 532 3107 Quae
549 3050 626 3092 cum
642 3049 694 3092 res
711 3025 776 3091 iam
792 3028 943 3093 manibus
961 3035 1142 3102 teneretur,
1160 3032 1195 3090 et
1220 3050 1302 3092 curn
1365 3035 1366 3040 ’

251 3133 404 3196 consules
424 3133 670 3216 provinciarum
692 3133 845 3217 pactione
863 3132 1053 3196 libertatem
1078 3152 1210 3194 omnem
1227 3153 1303 3214 pcr-

253 3235 426 3312 didissent,
448 3237 516 3320 qui,
537 3257 613 3300 cum
644 3237 679 3298 in
710 3243 830 3300 senatu
857 3236 988 3320 privati,
1010 3242 1048 3299 ut
1075 3234 1116 3298 dc
1144 3257 1196 3298 me
1225 3256 1302 3298 sen-

251 3340 374 3404 tentias
410 3339 568 3416 dicerent,
600 3339 805 3426 flagitabant,
838 3341 946 3426 legem
986 3340 1036 3403 illi
1070 3361 1104 3403 se
1141 3337 1300 3402 Clodiam

198 3461 213 3505 s
250 3443 366 3506 timere
397 3443 561 3518 dicebant,
594 3465 669 3507 cunr
701 3443 763 3507 hoc
796 3465 862 3506 non
897 3450 1032 3528 possent
1068 3444 1133 3507 iam
1166 3441 1302 3508 diutius
1365 3459 1366 3464 ’

250 3548 426 3624 sustinere,
455 3549 559 3612 initur
590 3548 768 3612 consilium
799 3545 840 3610 de
873 3548 1011 3612 interitu
1048 3546 1109 3610 Cn.
1144 3546 1315 3632 Pompei.-

252 3650 329 3729 Quo
353 3652 521 3735 patefacto
545 3650 700 3736 ferroque
726 3650 932 3735 deprehenso
959 3650 1015 3714 illc
1033 3651 1181 3714 inclusus
1204 3649 1299 3713 domi

253 3755 382 3819 tamdiu
421 3755 497 3833 fuit,
526 3755 686 3840 quamdiu
726 3755 879 3818 inimicus
916 3777 1009 3819 meus
1041 3755 1076 3818 in
1113 3754 1298 3819 tribunatu.

254 3859 306 3923 De
323 3881 397 3924 meo
413 3859 522 3924 reditu
546 3866 620 3922 octo
643 3858 769 3922 tribuni
794 3859 1103 3946 promulgaverunt.
1152 3857 1204 3921 Ex
1228 3880 1297 3943 quo
1365 3917 1366 3928 ,
