2800 4367
477 357 559 411 cnr.
585 363 673 424 aare,
696 361 711 424 ς
733 359 821 413 aesc.
1154 346 1217 414 117

89 527 189 596 'alios
200 529 237 593 ?'
265 531 356 612 Quia
371 538 508 598 coactus
523 555 609 597 sum.
646 532 740 596 ‘Cur
754 531 903 597 damnati
919 531 1044 598 sunt?‘
1077 532 1168 613 Quia
1190 547 1220 594 10

98 633 282 700 creditum
313 643 375 701 est.
422 637 599 724 ‘Regnum
633 645 685 702 est
715 635 836 712 dicere,
868 637 904 700 in
937 659 1040 722 quern
1070 636 1164 714 velie,

98 745 135 802 et
167 739 373 818 defendere,
404 763 506 826 quem
537 741 643 806 velis!
706 741 812 807 Immo
844 742 989 806 servitus
1020 749 1166 808 estnon

98 843 231 923 dicere,
259 847 296 910 in
319 868 419 930 quem
449 847 543 923 velis,
572 854 607 912 et
631 869 700 911 non
723 846 912 925 defendere,
942 869 1041 932 quem
1069 848 1165 912 velis.

99 949 155 1014 Ac
188 951 223 1015 si
259 951 467 1016 considerare
497 952 656 1036 coeperis,
688 960 803 1016 utrum
842 953 947 1038 magis
984 951 1066 1016 mihi
1104 952 1165 1017 hoc

98 1075 248 1120 necesse
265 1054 372 1120 fuerit
394 1054 503 1120 facere
519 1078 564 1119 an
587 1055 681 1122 istud
704 1055 775 1132 tibi,
792 1056 970 1144 intelleges
993 1056 1167 1121 honestius
1190 1073 1219 1118 15

100 1167 134 1222 te
165 1159 431 1225 inimicitiarum
458 1159 597 1224 mudum
623 1167 773 1226 statuere
801 1161 953 1246 potuisse
981 1183 1081 1246 quarn
1113 1182 1165 1225 me

99 1261 348 1364 hpmanitatis.
396 1264 446 1328 At
472 1285 561 1339 vera,
591 1286 668 1329 cum
698 1264 803 1328 honos
834 1264 995 1350 agebatur
1022 1264 1166 1328 familiae
1179 1266 1218 1329 49

100 1375 243 1432 vestrae
272 1368 510 1452 amplissimus,
533 1368 597 1433 hoc
628 1375 681 1433 est
707 1368 904 1434 consulatus
930 1369 1076 1453 parentis
1102 1370 1164 1444 tui,

99 1472 382 1556 sapientissimus
408 1473 460 1537 vir
483 1471 754 1537 familiarissimis
778 1473 847 1538 suis
872 1493 939 1538 non
964 1474 1164 1549 suscensuit,

100 1584 202 1660 pater
233 1585 328 1653 tuus,
354 1598 432 1640 cum
454 1576 584 1641 Sullam
609 1584 645 1641 et
669 1576 890 1642 defenderent
917 1586 951 1640 et
974 1576 1167 1652 laudarent;
1190 1593 1219 1638 ao

101 1679 336 1767 intellegebat
352 1680 437 1744 hanc
454 1680 549 1745 nobis
562 1703 582 1744 a
596 1680 778 1744 maioribus
795 1701 865 1746 esse
889 1679 1044 1744 traditam
1071 1680 1166 1745 disci-

102 1784 252 1868 plinam,
283 1792 324 1847 ut
354 1783 483 1848 nullius
514 1785 661 1848 amicitia
692 1783 735 1848 ad
769 1785 917 1868 pericula
940 1784 1166 1868 propulsanda

102 1887 365 1973 impediremur.
412 1887 459 1952 Et
473 1894 546 1953 erat
560 1888 639 1952 huic
656 1886 782 1952 iudicio
805 1888 904 1973 longe
922 1887 1092 1952 dissimilis
1108 1888 1166 1952 illa

104 1993 298 2057 contentio.
360 1992 450 2056 Tum
481 1990 616 2056 adflicto
649 1991 688 2055 P.
721 1991 816 2056 Sulla
846 1992 1041 2057 consulatus
1071 1992 1165 2056 vobis

103 2096 315 2182 pariebatur,
340 2097 440 2162 sicuti
469 2103 585 2181 partus
612 2104 683 2171 est3
717 2097 852 2160 honoris
878 2104 949 2161 erat
980 2103 1166 2170 certamem
1190 2111 1220 2156 as

105 2209 267 2286 ereptum
286 2208 437 2287 repetere
454 2223 513 2266 vos
532 2201 764 2278 clamitabatis,
783 2209 823 2264 ut
839 2201 919 2265 victi
935 2201 970 2264 in
992 2222 1107 2285 campo
1130 2202 1166 2264 in

105 2305 181 2390 forc
211 2305 396 2371 vinceretis
408 2328 417 2381 ;
440 2313 513 2369 turn
539 2308 599 2390 qui
623 2311 741 2369 contra
767 2326 827 2370 vos
850 2327 909 2390 pro
933 2305 1034 2368 huius
1058 2305 1166 2369 salute

106 2405 324 2493 pugnabant,
341 2407 535 2471 amicissimi
551 2407 666 2482 vestri,
684 2405 808 2490 quibus
834 2427 900 2469 non
925 2405 1164 2480 irascebamini,

107 2511 328 2575 consulatum
346 2510 441 2576 vobis
458 2510 653 2595 eripiebant,
666 2511 784 2574 honori
800 2517 911 2576 vestro
925 2509 1165 2595 repugnabant,

108 2623 143 2680 et
174 2624 294 2680 tamen
325 2614 360 2678 id
387 2615 549 2680 inviolata
572 2622 684 2679 vestra
715 2615 871 2688 amicitia,
895 2614 1026 2698 integro
1049 2612 1167 2688 officio,
1191 2629 1221 2673 aa

108 2728 227 2785 vetere
244 2720 400 2805 exemplo
423 2728 526 2804 atque
550 2720 709 2783 instituto
736 2719 854 2803 optimi
882 2718 1045 2801 cuiusque
1070 2715 1167 2781 facie·

109 2825 204 2889 bant.
245 2842 356 2892 xvrrr.
381 2823 455 2910 Ego
473 2846 553 2888 vero
565 2822 689 2908 quibus
706 2822 910 2886 ornamentis
927 2821 1084 2886 adversor
1100 2822 1166 2884 tuis
1180 2824 1220 2886 50

111 2937 172 2994 aut
194 2930 251 2994 cui
269 2928 429 3015 dignitati
444 2935 576 2992 vestrae
591 2927 770 3014 repugno?
808 2925 901 3004 Quid
916 2933 977 3000 cst,
994 2924 1165 3008 quodiam

111 3033 153 3098 ab
178 3034 243 3098 hoc
268 3032 433 3116 expetas?
488 3031 606 3096 Honos
630 3031 672 3095 ad
696 3040 835 3116 patrem,
852 3015 1006 3115 'insignia
1031 3028 1164 3092 honoris

113 3137 154 3202 ad
186 3145 222 3201 te
255 3136 368 3201 delata
390 3144 480 3201 sunt.
527 3135 580 3198 Tu
605 3143 743 3199 ornatus
774 3134 907 3199 exuviis
938 3132 1037 3196 huius
1070 3134 1164 3197 venis

114 3241 155 3305 ad
171 3262 250 3306 eum
266 3238 493 3315 lacerandum,
511 3261 611 3324 quem
633 3239 844 3314 interemisti,
861 3259 924 3323 ego
948 3238 1110 3302 iacentem
1134 3246 1168 3301 et
1205 3254 1219 3297 5

114 3346 297 3429 spoliatum
314 3343 460 3410 defendo
476 3351 511 3407 et
526 3351 675 3429 protego.
724 3343 839 3426 Atque
863 3342 917 3405 hic
942 3348 980 3405 tu
1004 3350 1039 3405 et
1062 3363 1168 3425 repre·

115 3448 235 3514 hendis
252 3472 314 3525 me,
331 3449 413 3534 quia
428 3446 618 3523 defendam,
636 3455 670 3511 et
686 3447 858 3519 irasceris3
883 3467 945 3532 ego
961 3453 1072 3509 autern
1098 3467 1165 3509 non

117 3552 217 3617 medo
229 3554 288 3617 tibi
305 3575 373 3617 non
390 3554 522 3626 irascor,
536 3551 594 3615 sed
612 3573 652 3614 ne
669 3549 875 3634 reprehendo
889 3547 1025 3633 quidem
1038 3549 1166 3614 facturn

118 3665 225 3721 tuum.
272 3658 321 3721 Te
337 3657 426 3721 enim
444 3656 599 3719 existimo
616 3655 676 3718 tibi
692 3655 860 3726 statuisse,
878 3653 960 3737 quid
975 3652 1165 3718 iaciendum

119 3771 262 3845 putares,
295 3770 331 3825 et
367 3761 449 3824 satis
487 3758 645 3822 idoneum
685 3757 784 3821 officii
823 3757 873 3820 tui
911 3755 1056 3821 iudicem
1096 3770 1168 3823 esse
1191 3774 1221 3818 10

122 3865 276 3949 potuisse.
