2800 4367
484 201 565 253 (ω).
591 203 677 264 rau,
701 203 715 264 a
737 203 824 252 n-to.
1154 185 1218 256 305

79 374 166 458 ipso
196 397 308 442 nemo
332 380 457 460 potest,
474 375 663 440 meminisse
679 381 715 440 et
729 393 985 440 commemorare
1001 373 1043 440 dc
1058 375 1165 442 altero

79 501 303 562 possumus,
320 480 415 544 sicut
436 499 583 563 aequum
598 488 650 544 est
665 478 816 544 homines
832 477 873 544 de
897 485 1064 564 potestate
1092 479 1167 546 deo
1189 495 1219 544 ao

80 605 187 662 rum,
204 583 338 650 timide
354 590 391 648 et
405 603 511 667 pauca
526 584 687 648 dicamus.
734 582 808 670 Ego
823 583 914 649 enim
929 584 976 649 sic
993 584 1162 661 existimo,

81 687 273 764 Maxime,
304 686 481 762 Marcelle,
506 686 664 772 Scipioni,
694 687 803 752 Mario
829 695 866 753 et
892 688 1011 752 ceteris
1035 687 1165 774 magnis

80 791 377 879 imperatoribus
401 811 470 855 non
491 793 600 856 solum
624 799 760 876 propter
783 793 956 868 virtutem,
981 791 1163 858 sedetiam

31 970 32 973 Ἴ
82 908 247 984 propter
273 895 452 960 fortunam
466 897 599 981 saepius
622 896 761 979 imperia
777 895 934 960 mandata
949 903 1051 981 atque
1075 917 1167 961 exer·

81 1003 191 1068 citus
208 1023 294 1068 esse
312 1000 516 1065 commissos.
564 1000 646 1064 Fuit
668 1001 757 1064 enim
790 999 941 1084 profecto
966 999 1167 1085 quibusdam
1189 1017 1218 1063 at

83 1109 251 1172 summis
277 1105 364 1170 viris
392 1103 555 1188 quaedam
571 1103 614 1168 ad
638 1103 894 1190 amplitudinem
911 1103 1003 1168 etad
1024 1104 1165 1190 gloriam
1246 1173 1251 1186 ⁸

83 1219 126 1276 et
145 1213 199 1277 ad
215 1233 276 1276 res
296 1229 435 1295 magnas
457 1208 541 1273 bene
568 1207 730 1297 gerendas
747 1207 912 1273 divinitus
928 1207 1087 1272 adiuncta
1103 1208 1166 1272 for·

29 1364 30 1377 ,
87 1325 199 1382 tuna
253 1315 311 1378 De
326 1312 429 1377 huius
444 1321 557 1378 autem
574 1313 717 1377 bominis
742 1312 913 1388 felicitate,
931 1312 1056 1397 dequo
1073 1333 1163 1378 nunc

87 1423 256 1508 agimus,
275 1419 339 1482 hac
364 1425 441 1481 utar
464 1417 691 1482 moderatione
709 1415 852 1492 dicendi,
872 1437 939 1480 non
960 1425 999 1480 ut
1022 1417 1056 1479 in
1073 1417 1165 1482 illius

91 1531 285 1610 potestate
301 1521 474 1587 fortunam
500 1522 643 1606 positam
671 1542 743 1585 esse
772 1520 891 1597 dicam,
909 1520 968 1586 scd
988 1528 1027 1584 ut
1042 1529 1168 1606 praete·
1189 1539 1220 1586 ³0

28 1636 35 1691 1
91 1632 170 1695 rita
188 1628 399 1703 meminisse,
417 1626 547 1711 reliqua
569 1647 700 1710 sperare
718 1625 902 1702 videamur,
920 1647 961 1690 ne
982 1633 1043 1689 aut
1058 1627 1166 1692 invisa

30 1762 33 1827 θ’
96 1734 157 1800 dis
176 1729 430 1798 immortalibus
446 1731 552 1794 oratio
564 1737 677 1794 nostra
693 1737 754 1794 aut
770 1731 900 1816 ingrata
916 1751 986 1794 esse
1001 1729 1164 1794 videatur.

97 1839 239 1923 ltaque
266 1857 334 1898 non
357 1856 433 1898 sum
458 1833 719 1919 praedicaturus,
749 1839 894 1918 quantas
919 1832 976 1898 illc
1001 1855 1053 1898 res
1077 1832 1219 1901 domi48

31 1946 34 2003 i
100 1943 267 2016 militiae,
285 1948 374 2003 terra
390 1940 540 2024 marique
557 1948 753 2024 quantaque
771 1938 931 2003 felicitate
956 1939 1107 2024 gesserit,
1126 1947 1166 2004 ut

31 2104 35 2159 j
103 2049 188 2111 eius
203 2067 336 2128 semper
353 2042 584 2108 voluntatibus
609 2065 676 2107 uon
701 2043 799 2107 modo
833 2043 923 2107 cives
948 2041 1166 2121 adsenserint,
1190 2060 1218 2106 35

31 2184 33 2233 3
103 2152 198 2216 socii
223 2149 494 2232 obtemperarint,
511 2148 623 2213 hostes
639 2147 855 2224 oboedierint,
872 2147 932 2212 sed
954 2148 1056 2212 etiam
1072 2149 1165 2212 venti

32 2246 36 2317 l
106 2262 404 2340 tempestatesque
428 2251 708 2328 obsecundarint3
742 2251 804 2317 hoc
828 2251 1022 2317 brevissime
1046 2252 1164 2330 dicam,

30 2352 33 2405 ἱ
106 2358 285 2421 neminem
302 2375 463 2439 umquam
484 2362 554 2417 tam
578 2353 809 2438 impudentem
837 2353 952 2430 fuisse,
971 2353 1031 2438 qui
1056 2352 1165 2419 abdis

32 2444 39 2508 ⁵·
109 2459 363 2525 immortalibus
386 2465 438 2522 tot
463 2465 498 2523 et
519 2465 629 2522 tantas
654 2480 704 2523 res
731 2459 854 2522 tacitus
879 2457 1019 2524 auderet
1040 2465 1164 2543 optare,

28 2578 30 2621 l
111 2572 204 2649 quot
218 2571 253 2628 et
268 2571 414 2647 quantas
430 2562 465 2626 di
481 2563 686 2627 immortales
704 2561 747 2628 ad
771 2561 833 2626 On.
852 2562 1051 2649 Pompeium
1074 2563 1169 2646 detu-
1189 2577 1219 2624 40

112 2671 242 2732 lerunt.
289 2667 391 2746 Quod
406 2674 447 2730 ut
468 2666 519 2730 illi
545 2667 717 2751 proprium
733 2689 770 2732 ac
788 2675 987 2752 perpetuum
1013 2669 1066 2743 sit,
1085 2668 1166 2747 Qui-

114 2775 209 2848 ritcS,
226 2793 305 2836 cum
321 2773 507 2836 communis
530 2771 651 2836 salutis
678 2777 780 2856 atque
810 2773 949 2856 imperii,
969 2781 1042 2836 tum
1058 2773 1163 2856 ipsius

117 2876 262 2941 hominis
278 2898 386 2952 causa,
402 2876 504 2940 sicuti
521 2874 642 2951 facitis
659 2876 747 2940 velle
765 2885 800 2941 et
816 2884 928 2962 optare
946 2876 1084 2942 debetis.

164 2981 276 3060 Quare
304 3002 381 3044 cum
398 2988 433 3044 et
448 2980 573 3044 bellum
590 2980 696 3044 sitite
721 2982 955 3057 necessarium,
972 2987 1013 3044 ut
1028 2981 1162 3067 neglegi
1178 2985 1219 3048 49

28 3090 29 3103 ¹
120 3107 186 3148 non
211 3086 326 3171 possit,
343 3086 391 3149 ita
414 3106 583 3171 magnum,
600 3092 641 3148 ut
665 3086 913 3149 accuratissime
939 3085 984 3148 sit
1011 3083 1168 3148 adminis-
1189 3101 1218 3145 45

28 3212 31 3246 r
120 3189 286 3266 trandum,
304 3197 430 3254 etcum
453 3190 484 3254 ei
509 3190 741 3274 imperatorem
767 3189 941 3273 praeficere
967 3188 1111 3272 possitis,
1130 3189 1164 3251 in

28 3302 30 3380 i
123 3314 186 3376 quo
201 3295 247 3358 sit
262 3294 385 3358 eximia
399 3293 480 3358 belli
491 3295 642 3371 scientia,
658 3294 838 3379 singularis
854 3293 972 3368 virtus
984 3293 1165 3358 clarissima

28 3408 32 3499 ς
124 3400 312 3474 auctoritas,
326 3399 463 3485 egregia
478 3397 624 3473 fortuna,
639 3397 812 3474 dubitatio,
827 3398 987 3477 Quirites,
1001 3398 1083 3482 quin
1100 3396 1161 3461 hoc

28 3516 30 3579 Λ
125 3508 253 3568 tantum
275 3501 365 3579 boni,
383 3502 475 3588 quod
501 3503 594 3566 vobis
610 3502 652 3566 ab
666 3502 718 3567 dis
744 3502 988 3568 immortalibus
1013 3501 1160 3567 oblatum

33 3618 34 3641 ¹
126 3613 157 3670 et
180 3607 297 3671 datum
324 3614 385 3684 est,
414 3608 450 3669 in
477 3629 546 3671 rem
576 3606 745 3690 publicam
775 3606 1035 3672 conservandam
1062 3613 1164 3691 atque
1187 3617 1217 3661 50

127 3711 386 3801 amplificandam
411 3710 615 3782 conferatis?
671 3729 762 3777 xvu.
800 3712 929 3803 Quodsi
955 3713 1078 3788 Romae
1102 3706 1217 3779 (ln-‚50

371 4206 569 4304 'afflaA-t·
654 4219 667 4222 „-
