2800 4367
204 335 267 400 190
556 348 627 399 rao
650 351 679 399 r.
704 349 831 400 susrro
853 349 1001 398 oanrro.

216 537 232 582 r
255 535 377 583 urrann
396 535 690 594 runmmcuaun
711 535 845 582 uranx
861 517 993 594 Aumn,
1012 537 1083 581 unx
1109 517 1219 583 Furta
1247 537 1301 582 uu
1363 491 1364 562 3

257 640 446 699 vaunnam
470 644 538 707 qua
555 645 622 686 una
638 624 811 708 rogatione
828 623 905 708 quis
922 631 975 687 est
999 625 1059 708 qui
1083 645 1148 687 non
1170 623 1301 688 intelle-

202 732 314 814 ³4gat
336 729 529 792 universam
546 749 614 792 rem
630 727 800 812 publicam
817 748 888 792 esse
907 726 1077 791 deletam?
1123 727 1301 811 Isdemque

254 831 450 898 consulibus
466 831 735 917 inspectantibus
751 854 923 897 servorum
949 832 1094 898 dilectus
1117 831 1303 897 habebatur

255 959 315 1022 pro
331 937 491 1001 tribunali
508 937 650 1000 Aurelio
665 937 800 1001 nomine
816 937 1047 1023 collegiorum,
1065 960 1140 1001 cum
1163 938 1300 1001 vicatim

203 1055 233 1103 10
253 1042 404 1105 homines
442 1040 742 1118 conscriberentur,
774 1040 1040 1117 decuriarentur,
1072 1040 1115 1104 ad
1149 1042 1222 1116 vim,
1256 1040 1301 1104 ad

255 1166 382 1221 manus,
395 1144 438 1208 ad
453 1145 599 1221 caedem,
612 1145 654 1209 ad
664 1145 889 1230 direptionem
900 1147 1131 1211 incitarentur.
1177 1144 1303 1208 Isdem·

255 1271 320 1334 que
345 1250 540 1314 consulibus
556 1271 647 1313 arma
668 1251 705 1312 in
722 1247 885 1334 templum
910 1247 1059 1314 Castoris
1084 1251 1190 1335 palam
1213 1270 1302 1312 com·
1364 1331 1365 1338 ἵ

256 1353 484 1437 portabantur,
501 1353 625 1438 gradus
643 1353 792 1448 eiusdem
810 1354 928 1437 templi
945 1353 1161 1428 tollebantur,
1181 1354 1301 1416 armati
1364 1353 1365 1436 ζ

256 1457 406 1521 homines
445 1456 555 1520 forum
587 1466 622 1522 et
652 1459 825 1522 contiones
865 1455 1035 1533 tenebant,
1073 1457 1190 1522 caedes
1219 1457 1304 1540 lapi·
1364 1445 1365 1498 ἕ

201 1577 230 1621 15
251 1561 471 1644 dationesque
500 1561 633 1637 fiebant,
663 1563 778 1625 nullus
802 1568 875 1626 erat
897 1569 1044 1636 senatus,
1070 1560 1153 1622 nihil
1178 1559 1303 1644 reliqui

253 1667 478 1750 magistrante,
497 1687 585 1729 unus
602 1687 736 1730 omnem
753 1667 903 1730 omnium
919 1671 1122 1750 potestatem
1142 1665 1241 1728 armis
1266 1671 1304 1728 et

251 1769 436 1832 latrociniis
460 1769 653 1854 possidebat
674 1793 743 1834 non
766 1771 881 1855 aliqua
900 1771 935 1835 vi
957 1792 1028 1846 sua,
1045 1769 1114 1845 sed,
1132 1791 1210 1833 cum
1232 1767 1302 1832 duo

254 1875 409 1937 consules
425 1895 445 1937 a
461 1895 495 1937 re
512 1874 648 1958 publica
663 1875 913 1959 provinciarum
937 1874 1069 1939 foedere
1094 1873 1302 1950 retraxisset,

255 1977 449 2056 insultabat,
478 1978 722 2055 dominabatur,
749 1980 824 2043 aliis
853 1979 1083 2064 pollicebatur,
1113 1987 1239 2044 terrore
1263 2000 1301 2042 ac

156 2080 160 2084 ’
199 2101 229 2145 ao
250 2092 343 2146 metu
360 2083 494 2158 multos,
511 2084 617 2167 pluris
633 2085 735 2148 etiam
751 2105 809 2168 spe
827 2092 861 2149 et
877 2085 1047 2169 promissis
1065 2083 1211 2148 tenebat.

199 2185 238 2245 35
295 2187 390 2265 Quae
414 2209 491 2250 cum
514 2195 629 2253 essent
651 2189 724 2252 eius
750 2187 850 2264 modi,
885 2188 1023 2264 iudices,
1056 2210 1131 2252 cum
1162 2196 1302 2253 senatus

251 2291 352 2355 duces
391 2292 502 2355 nullos
540 2314 578 2356 ac
608 2315 669 2377 pro
699 2292 843 2357 ducibus
875 2293 1060 2378 proditores
1090 2299 1151 2356 aut
1185 2295 1302 2378 potius

250 2404 382 2479 apertos
408 2396 522 2461 hostes
546 2397 695 2472 haberet,
720 2405 879 2480 equester
903 2396 983 2461 ordo
1007 2418 1083 2462 reus
1114 2399 1302 2462 aconsuli-
1365 2425 1366 2468 ς

250 2499 311 2563 bus
327 2502 498 2576 citaretur,
516 2501 634 2566 ltaliae
650 2502 757 2565 totius
773 2503 956 2566 auctoritas
980 2501 1225 2587 repudiaretur,
1242 2503 1301 2564 alii

196 2619 226 2664 25
248 2605 444 2667 nominatim
472 2605 712 2692 relegarentur,
744 2605 801 2668 alii
833 2612 926 2670 metu
957 2613 992 2670 et
1022 2605 1171 2690 periculo
1200 2612 1302 2671 terre·

249 2716 376 2783 rentur,
401 2730 491 2771 arma
513 2717 626 2773 essent
649 2710 683 2771 in
709 2709 853 2793 templis,
878 2710 998 2774 armati
1024 2711 1059 2772 in
1084 2708 1166 2785 foro,
1191 2731 1300 2795 eaque

252 2834 320 2876 non
342 2813 476 2876 silentio
498 2813 673 2876 consulum
697 2812 1000 2889 dissimularentur,
1021 2812 1080 2877 sed
1101 2820 1136 2877 et
1159 2835 1241 2878 voce
1266 2821 1302 2879 et

252 2918 420 2981 sententia
444 2917 749 3000 comprobarentur,
767 2939 843 2981 cum
868 2940 983 2983 omnes
1008 2917 1120 2982 urbem
1147 2917 1299 2982 nondum

250 3021 397 3084 excisam
420 3027 455 3084 et
477 3042 638 3098 eversam,
660 3021 721 3086 sed
737 3023 802 3085 iam
826 3029 958 3106 captam
981 3029 1083 3107 atque
1105 3043 1300 3106 oppressam

196 3141 226 3185 ao
247 3123 457 3188 videremus:
497 3131 609 3189 tamen
647 3125 699 3189 his
739 3127 843 3190 tantis
882 3127 977 3190 malis
1010 3133 1104 3190 tauto
1135 3125 1300 3191 bonorum

249 3226 372 3302 studio,
391 3227 526 3304 iudices
550 3232 808 3307 restitissemus3
833 3231 892 3296 sed
915 3253 966 3296 me
983 3231 1040 3294 alii
1061 3237 1169 3294 metus
1193 3238 1298 3316 atque

249 3332 333 3396 aliae
349 3353 446 3396 curae
463 3336 742 3421 suspicionesque
760 3344 948 3402 moverunt.

196 3441 237 3503 36
293 3453 369 3499 xva
394 3435 568 3522 Exponam
582 3442 670 3503 enim
686 3441 848 3507 hodierno
864 3441 928 3518 die,
946 3441 1084 3518 iudices,
1102 3463 1235 3506 omnem
1252 3464 1300 3506 ra-

251 3542 375 3604 tionem
406 3539 487 3605 facti
518 3551 552 3606 et
582 3546 714 3608 consilii
737 3547 802 3610 mei
825 3568 935 3632 neque
964 3546 1042 3610 huic
1065 3551 1178 3610 vestro
1203 3552 1299 3610 tanto

248 3646 361 3710 studio
377 3647 535 3713 audiendi
553 3671 612 3714 nec
624 3672 703 3715 vero
716 3651 793 3715 huic
807 3659 920 3716 tantae
933 3648 1156 3724 multitudini,
1170 3658 1299 3732 quanta

250 3773 323 3815 mea
334 3753 493 3816 memoria
504 3775 689 3839 numquam
702 3754 773 3819 ullo
785 3755 819 3816 in
832 3754 957 3817 iudicio
971 3753 1046 3829 luit,
1060 3753 1170 3817 deero.
1210 3752 1298 3816 Nam

211 3870 226 3914 o
248 3855 277 3917 si
293 3876 355 3942 ego
372 3857 405 3917 in
423 3877 523 3920 causa
539 3864 608 3919 tam
624 3857 711 3919 bona
727 3864 822 3920 tanto
838 3857 951 3921 studio
967 3866 1115 3935 senatus,
1130 3878 1297 3921 consensu
