2800 4367
455 339 534 391 cnr.
559 341 648 407 n-n,
673 342 688 402 s
710 340 799 389 45-49.
1181 329 1222 393 51

117 512 290 577 duriorem
320 511 475 575 fortunae
507 513 675 575 communi
707 510 938 575 condicionem
972 519 1005 575 te
1036 519 1172 577 auctore

117 618 309 681 constituit.
356 616 466 681 Morbi
482 616 692 679 excusationi
708 637 816 700 poena
831 615 946 678 addita
961 623 1032 690 est3
1057 618 1173 681 volun·
1197 634 1242 681 10.

118 730 173 803 tas
201 720 331 785 offensa
360 722 554 796 multorum,
581 720 705 805 quibus
736 728 796 783 aut
825 727 941 783 contra
968 720 1172 785 valetudinis

119 821 333 886 commodum
348 819 569 885 laborandum
585 828 709 885 estant
724 819 934 884 incommodo
951 820 1056 883 morbi
1072 823 1173 885 etiam

119 928 224 989 ceteri
240 926 329 990 vitae
346 924 478 988 fructus
495 923 718 1008 relinquendi.
767 922 860 1002 Quid
871 924 976 1009 ergo?
999 924 1079 989 haec
1097 927 1172 1010 quis

119 1030 228 1094 tulit?
265 1030 309 1106 ls,
324 1030 383 1115 qui
399 1029 591 1092 auctoritati
607 1036 753 1104 senatus,
768 1028 936 1092 voluntati
953 1036 1030 1093 tuae
1047 1031 1169 1113 paruit,

120 1134 267 1219 denique
292 1135 319 1198 is
337 1133 427 1209 tulit,
445 1134 500 1197 cui
516 1133 653 1197 mininie
670 1132 859 1217 proderant.
905 1133 979 1208 Illa,
997 1155 1082 1217 quae
1099 1156 1173 1199 mea
1197 1155 1224 1199 15

120 1260 252 1303 somma
275 1239 451 1303 voluntate
481 1244 618 1303 senatus
641 1236 801 1321 frequens
828 1236 1027 1321 repudiavit,
1052 1239 1174 1303 medio·

119 1344 223 1407 criter
252 1343 428 1408 adversata
467 1341 529 1406 tibi
567 1363 639 1407 esse
677 1342 875 1406 existimas?
930 1341 1171 1408 Confusionem

120 1446 359 1535 suffragiorum
391 1446 560 1533 flagitasti,
584 1448 851 1533 perrogationem
881 1448 966 1532 legis
999 1447 1169 1524 Maniliae,

121 1552 359 1636 aequationem
371 1551 510 1637 gratiae,
521 1548 709 1637 dignitatis,
722 1549 968 1636 suffragiorum.
1016 1550 1173 1617 Graviter

121 1657 273 1721 homines
289 1656 423 1721 honesti
439 1662 541 1740 atque
556 1656 589 1717 in
602 1656 671 1719 suis
684 1655 915 1719 vicinitatibus
932 1661 966 1719 et
982 1657 1171 1740 municipiis
1195 1674 1225 1717 20

121 1763 259 1849 gratiosi
276 1762 431 1825 tulerunt
447 1782 466 1823 a
482 1761 541 1824 tali
558 1761 630 1824 viro
646 1780 718 1824 esse
737 1767 935 1845 pugnatum,
952 1767 993 1824 ut
1008 1781 1122 1825 omnes
1139 1770 1174 1825 et

122 1866 299 1952 dignitatis
325 1872 360 1929 et
386 1864 513 1951 gratiae
543 1861 667 1951 gradus
699 1864 907 1927 tollerentur.
954 1863 1049 1928 Idem
1079 1864 1174 1929 editi-

123 1971 192 2033 cios
215 1969 343 2033 iudices
367 1990 439 2033 esse
463 1951 611 2043 voluisti,
629 1975 668 2031 ut
684 1964 761 2031 odia
777 1968 908 2031 occulta
931 1967 1066 2044 civium,
1084 1991 1169 2053 quae

123 2074 234 2139 tacitis
260 2094 350 2137 nunc
373 2071 548 2137 discordiis
574 2074 800 2147 continentur,
818 2073 853 2134 in
879 2071 1032 2136 fortunas
1055 2075 1225 2157 optimine

123 2179 287 2263 cuiusque
305 2184 528 2261 erumperent.
575 2176 668 2241 Haec
685 2176 796 2239 omnia
811 2176 873 2239 tibi
889 2176 1069 2241 accusandi
1085 2178 1174 2242 viam
1185 2180 1225 2244 48

124 2281 331 2356 muniebant,
349 2280 555 2365 adipiscendi
572 2280 818 2364 obsaepiebant.

168 2386 285 2470 Atque
316 2407 357 2449 ex
389 2384 544 2449 omnibus
575 2382 634 2447 illa
661 2385 760 2471 plaga
791 2393 843 2449 est
871 2386 995 2449 iniecta
1026 2387 1181 2470 petitioni

123 2498 202 2555 tuae
229 2512 296 2554 non
323 2497 455 2553 tacente
483 2511 534 2554 me
562 2490 716 2565 maxima,
742 2489 783 2553 de
807 2510 876 2573 qua
901 2490 943 2553 ab
970 2490 1102 2555 homine
1126 2492 1175 2555 in-

123 2595 357 2680 geniosissimo
383 2602 418 2658 et
444 2594 682 2678 copiosissimo,
700 2594 742 2673 Q.
760 2593 953 2670 Hortensio,
970 2596 1078 2659 multa
1104 2618 1175 2682 gra-

124 2699 257 2762 vissime
284 2695 375 2761 dicta
399 2705 489 2761 sunt.
537 2697 615 2776 Quo
640 2698 742 2761 etiam
767 2697 849 2760 mihi
873 2696 989 2761 durior
1007 2697 1100 2763 locus
1122 2709 1174 2763 est
1197 2717 1226 2761 30

124 2801 257 2865 dicendi
278 2800 388 2877 datus,
405 2808 454 2877 ut,
479 2822 556 2865 cum
581 2810 660 2866 ante
686 2823 739 2866 me
765 2809 801 2865 et
824 2801 881 2865 ille
908 2802 1050 2868 dixisset
1071 2813 1106 2868 et
1122 2806 1173 2868 vir

124 2928 254 2969 summa
279 2904 445 2992 dignitate
471 2912 505 2969 et
530 2905 708 2992 diligentia
723 2912 758 2970 et
777 2904 940 2971 facultate
964 2906 1108 2984 dicendi,
1125 2909 1172 2972 M.

126 3009 276 3085 Crassus,
294 3031 356 3096 ego
383 3010 419 3072 in
443 3016 593 3074 extremo
618 3032 686 3073 non
711 3018 840 3094 partem
867 3012 1014 3096 aliquam
1041 3034 1173 3099 agerem

125 3135 254 3189 causae,
271 3114 330 3178 sed
357 3113 398 3178 de
426 3121 498 3178 tota
525 3136 559 3179 re
588 3114 743 3190 dicerem,
767 3114 860 3198 quod
886 3116 968 3179 mihi
992 3116 1172 3183 videretur.

125 3219 244 3303 ltaque
273 3219 308 3280 in
335 3216 441 3283 isdem
467 3218 564 3283 rebus
593 3218 661 3283 lere
690 3240 805 3283 versor
826 3226 870 3295 et,
888 3220 998 3305 quoad
1025 3244 1171 3306 possum,
1197 3239 1225 3283 35

125 3322 262 3398 iudices,
291 3343 428 3386 occurro
452 3331 581 3387 vestrae
606 3324 764 3388 satietati.
822 3342 928 3388 xxiv.
960 3324 1027 3390 Sed
1049 3334 1170 3402 tamen,

125 3424 231 3502 Servi,
256 3447 357 3510 quam
380 3433 413 3490 te
435 3428 578 3491 securim
601 3434 701 3511 putas
724 3428 876 3493 iniecisse
903 3430 1060 3513 petitioni
1083 3438 1170 3507 tuae,

125 3552 201 3594 eum
222 3531 386 3615 populum
409 3530 597 3595 Romanum
620 3532 655 3593 in
678 3552 756 3596 eum
779 3540 909 3597 metum
932 3532 1115 3610 adduxisti,
1133 3543 1173 3600 ut

125 3636 384 3719 pertimesceret,
401 3657 443 3699 ne
465 3636 583 3699 consul
607 3634 754 3699 Catilina
777 3636 882 3713 fieret,
908 3637 988 3700 dum
1017 3646 1056 3703 tu
1078 3660 1173 3703 accu-

126 3740 289 3803 sationem
313 3761 519 3823 oomparares
542 3739 694 3824 deposita
717 3746 821 3823 atque
840 3740 970 3805 abiecta
985 3742 1172 3825 petitione?
1211 3760 1226 3805 o

127 3843 259 3909 Etenim
286 3851 318 3909 te
346 3845 515 3929 inquirere
538 3844 708 3920 videbant,
727 3846 859 3910 tristem
881 3848 1002 3931 ipsum,
1024 3855 1169 3913 maestos
1184 3850 1225 3915 49
