2800 4367
168 372 231 438 250
428 385 503 439 rao
524 385 556 437 r.
581 384 703 437 armo
726 383 871 436 umora
893 382 1041 437 carrio.

217 558 408 644 appelletur
423 558 471 625 ita
484 580 574 635 saue,
590 556 671 622 dum
689 555 788 621 modo
804 579 842 622 ea
858 578 919 622 nos
934 563 1071 622 utamur
1085 578 1145 642 pro
1157 555 1272 621 salute

165 666 203 728 1³
218 661 382 729 bonorum
413 670 528 727 contra
559 661 739 727 amentiam
777 660 996 746 perditorum.
1056 659 1156 725 Hauc
1187 681 1272 724 vero

221 768 461 852 quaestionem,
492 767 556 831 etsi
587 788 655 829 non
687 772 740 831 est
774 766 901 851 iniqua,
933 787 1119 852 numquam
1154 773 1271 830 tamen

165 882 195 928 ω
216 878 352 936 senatus
365 869 636 935 constituendam
649 870 794 954 putavit.
834 869 940 934 Erant
952 870 1041 935 enim
1054 870 1157 956 leges,
1170 875 1273 933 erant

218 976 431 1059 quaestiones
447 975 503 1039 vel
525 973 566 1038 de
591 973 692 1038 caede
708 973 763 1038 vel
782 972 823 1038 de
840 974 884 1050 vi,
902 995 963 1065 nec
987 980 1119 1038 tantum
1144 993 1274 1037 maero-

217 1100 287 1142 rem
302 1100 340 1143 ac
356 1079 486 1143 luctum
502 1079 635 1142 senatui
653 1099 739 1142 mors
757 1077 795 1141 P.
814 1076 911 1142 Clodi
936 1075 1106 1153 afferebat,
1123 1084 1163 1141 ut
1178 1097 1273 1140 nova

153 1185 156 1190 ’
218 1183 372 1267 quaestio
398 1183 668 1247 constitueretur.
716 1180 824 1246 Cuius
855 1183 944 1246 enim
975 1181 1016 1246 de
1049 1181 1107 1244 illo
1137 1181 1272 1245 incesto

217 1294 335 1370 stupro
349 1285 508 1350 iudicium
522 1284 723 1350 decernendi
736 1286 867 1350 senatui
879 1292 1027 1371 potestas
1039 1291 1127 1351 esset
1139 1291 1271 1370 erepta,

163 1404 194 1450 aa
216 1389 346 1456 deeius
369 1390 510 1454 interitu
528 1391 604 1475 quis
628 1397 742 1475 potest
766 1389 898 1454 credere
925 1397 1079 1456 senatum
1102 1388 1273 1454 iudicium

219 1515 346 1559 novum
361 1487 636 1560 constituendum
650 1494 815 1580 putasse?
860 1494 931 1559 Cur
946 1495 1051 1581 igitur
1071 1492 1272 1559 incendium

217 1599 338 1676 curiae,
356 1599 639 1686 oppugnationem
658 1597 794 1663 aedium
811 1597 858 1662 M.
876 1598 1005 1684 Lepidi,
1021 1598 1156 1664 caedem
1179 1597 1272 1663 hanc

217 1703 322 1786 ipsam
338 1711 453 1766 contra
469 1724 538 1767 rem
560 1702 730 1787 publicam
752 1709 888 1767 senatus
913 1701 1036 1768 factam
1060 1723 1133 1767 esse
1155 1701 1272 1767 decre-

164 1821 194 1865 29
216 1805 289 1869 vit?
334 1804 423 1884 Quia
450 1807 544 1869 nulla
572 1807 622 1871 vis
653 1827 814 1892 umquam
845 1813 897 1871 est
927 1807 962 1869 in
992 1805 1097 1871 libera
1125 1807 1270 1871 civitate

167 1910 372 1993 14suscepta
402 1911 490 1974 inter
520 1910 603 1974 civis
634 1931 701 1973 non
733 1917 848 1974 contra
873 1932 941 1975 rem
965 1910 1141 1996 publicam.
1186 1909 1270 1973 Non

217 2015 305 2078 enim
322 2021 374 2078 est
388 2014 446 2077 illa
462 2012 612 2078 defensio
629 2021 745 2078 contra
761 2015 829 2079 vim
850 2035 1011 2100 umquam
1034 2011 1188 2098 optanda,
1204 2014 1271 2078 sed

217 2139 283 2182 non
311 2139 495 2203 numquam
522 2126 575 2183 θεῖ
601 2119 803 2194 necessaria3
828 2121 891 2183 nisi
916 2141 994 2184 vero
1017 2126 1077 2186 aut
1099 2119 1156 2184 ille
1179 2117 1268 2196 dies,

217 2243 284 2306 quo
308 2221 361 2284 Ti.
379 2221 551 2287 Gracchus
577 2230 630 2288 est
656 2245 781 2299 caesus
807 2231 867 2288 aut
893 2223 961 2300 ille,
979 2245 1048 2308 quo
1072 2222 1186 2299 Gaius,
1203 2231 1271 2288 aut

216 2347 284 2411 quo
299 2348 388 2390 arma
404 2325 586 2403 Saturnini,
604 2329 735 2392 etiamsi
750 2349 767 2391 θ
785 2349 818 2392 re
835 2326 970 2412 publica
993 2348 1149 2412 oppressa
1172 2335 1268 2405 sunt,

163 2443 193 2490 35
215 2451 284 2494 rem
300 2431 469 2514 publicam
485 2439 595 2495 tamen
612 2453 678 2495 non
697 2432 929 2496 vulnerarunt.
976 2449 1026 2496 vr.
1059 2431 1178 2520 Itaque
1200 2455 1269 2518 ego

215 2534 286 2618 ipse
314 2534 456 2610 decrevi,
474 2556 551 2598 cum
577 2534 710 2599 caedem
737 2537 771 2598 in
798 2537 910 2620 Appia
938 2535 1059 2600 factam
1089 2557 1161 2600 esse
1189 2557 1269 2600 con-

215 2646 327 2714 staret,
341 2660 408 2702 non
424 2659 510 2714 eum,
522 2639 581 2723 qui
598 2660 632 2703 se
649 2639 865 2717 defendisset,
880 2651 995 2704 contra
1011 2663 1079 2705 rem
1095 2640 1267 2725 publicam

215 2741 344 2818 fecisse,
360 2741 432 2818 sed,
449 2763 526 2806 cum
554 2743 677 2807 inesset
704 2745 738 2806 in
766 2767 799 2809 re
824 2746 875 2808 vis
902 2753 937 2810 et
963 2744 1113 2822 insidiae,
1137 2746 1266 2810 crimen

176 2844 339 2909 oiudicio
365 2847 543 2922 reservavi,
572 2867 640 2910 rem
671 2850 794 2912 notavi.
852 2848 980 2928 Quodsi
1012 2872 1071 2934 per
1097 2849 1267 2914 furiosum

215 2949 314 3013 illum
330 2948 502 3013 tribunum
517 2952 661 3027 senatui,
679 2951 771 3035 quod
787 2953 963 3029 sentiebat,
980 2954 1136 3037 perficere
1152 2954 1267 3019 licuis-

212 3060 274 3129 set,
286 3074 407 3117 novam
417 3055 647 3138 quaestionem
662 3056 788 3120 nullam
806 3055 1011 3122 haberemus.
1051 3057 1266 3123 Decernebat

214 3158 312 3233 enim,
330 3164 369 3220 ut
385 3158 554 3222 veteribus
571 3158 701 3246 legibus
719 3167 851 3225 tantum
873 3160 969 3225 modo
993 3170 1088 3225 extra
1111 3158 1263 3227 ordinem

213 3268 438 3345 quaereretur.
496 3262 616 3327 Divisa
646 3266 814 3329 sententia
846 3273 897 3330 θεῖ
927 3265 1117 3350 postulante
1150 3267 1264 3330 nescio

162 3381 191 3427 10
213 3386 298 3449 qu03
326 3363 411 3428 nihil
437 3367 526 3431 enim
553 3389 685 3433 necesse
713 3375 765 3433 est
791 3370 940 3433 omnium
968 3391 1018 3434 me
1043 3367 1168 3456 flagitia
1190 3392 1264 3454 pro

214 3468 311 3533 ferre.
358 3467 412 3533 Sic
440 3471 570 3555 reliqua
595 3473 776 3537 auctoritas
804 3480 940 3538 senatus
968 3479 1080 3558 empta
1105 3474 1264 3539 interces-

213 3574 306 3637 sione
321 3573 456 3638 sublata
471 3581 532 3638 est.

161 3682 197 3743 15
257 3678 306 3741 At
328 3679 417 3742 enim
445 3678 507 3742 Cn.
532 3677 713 3764 Pompeius
744 3681 917 3767 rogatione
947 3703 1009 3746 sua
1035 3689 1069 3747 et
1094 3679 1137 3748 de
1164 3704 1198 3748 re
1225 3690 1263 3748 et

212 3779 253 3843 de
270 3802 369 3845 causa
384 3780 569 3856 iudicavit3
595 3784 675 3847 tulit
694 3786 783 3847 enim
800 3785 841 3850 de
859 3785 969 3863 caede,
986 3807 1072 3870 quae
1089 3786 1124 3850 in
1147 3785 1261 3869 Appia

160 3898 189 3945 la
211 3884 266 3948 via
281 3883 372 3948 facta
386 3892 484 3961 esset,
500 3886 535 3947 in
558 3906 627 3969 qua
649 3885 689 3948 P.
708 3886 848 3954 Clodius
873 3890 1003 3954 occisus
1022 3897 1120 3955 esset.
1167 3887 1262 3968 Quid
1357 3969 1358 3984 ἢ
