2800 4367
485 375 566 429 oar.
590 377 647 440 st,
671 377 795 441 rra-rc.
1142 361 1205 430 821
1238 361 1245 366 '

72 550 365 616 fortissimorum
381 550 529 614 virorum
545 569 718 634 expressas
742 537 918 634 scriptores
935 557 970 616 et
986 549 1105 616 Graeci
1121 559 1156 616 et

77 655 210 719 Latini
238 654 476 740 reliquerunt!
501 675 585 740 quas
601 676 664 742 ego
681 655 763 718 mihi
789 675 921 740 semper
942 657 976 718 in
1001 655 1156 721 adminis-

77 759 220 823 tranda
238 779 278 822 re
294 758 429 843 publica
444 781 633 846 proponens
659 760 808 823 animum
824 767 859 824 et
875 766 1020 824 mentem
1048 779 1153 825 meam

79 865 163 949 ipsa
181 863 399 949 cogitatione
416 863 588 928 bominum
603 864 843 928 excellentium
860 862 1118 928 conformabam.
1179 883 1208 926 aa

132 983 212 1032 vn.
263 966 413 1045 Quaeret
433 969 617 1053 quispiam:
644 967 782 1047 ‘Quid‘l
798 968 849 1031 illi
866 969 929 1052 ipsi
945 970 1065 1033 summi
1083 970 1156 1046 viri,
1171 974 1207 1035 15

83 1091 254 1156 quorum
269 1071 413 1136 virtutes
437 1073 559 1138 litteris
576 1071 726 1156 proditae
744 1079 836 1146 sunt,
856 1071 962 1137 istane
988 1073 1151 1150 doctrina,

85 1197 207 1260 quam
231 1183 272 1238 tu
296 1173 395 1239 effers
425 1175 591 1251 laudibus,
617 1175 740 1240 eruditi
774 1175 960 1240 fuerunt?'
1007 1177 1152 1242 Difficile

88 1289 151 1344 est
167 1279 238 1343 hoc
255 1277 296 1342 de
318 1279 472 1344 omnibus
497 1279 702 1354 confirmare,
720 1278 778 1344 sed
803 1287 912 1344 tamen
937 1287 989 1344 est
1012 1288 1152 1356 certum,

91 1383 190 1468 quid
222 1381 451 1467 respondeam.
513 1383 586 1470 Ego
624 1385 749 1447 multos
789 1383 938 1448 homines
976 1385 1157 1449 excellenti
1194 1399 1209 1442 s

92 1490 219 1551 animo
243 1508 282 1551 ac
305 1487 432 1553 virtute
451 1488 554 1553 luisse
568 1490 640 1553 sine
659 1487 813 1552 doctrina
829 1496 863 1553 et
887 1497 1026 1553 naturae
1051 1491 1155 1573 ipsius

95 1592 227 1656 habitu
258 1613 359 1676 prope
398 1591 514 1657 divino
546 1613 605 1678 per
635 1615 669 1657 se
710 1594 798 1677 ipsos
818 1601 865 1662 ,et
896 1592 1081 1657 moderatos
1119 1601 1155 1658 et

95 1715 230 1782 graves
260 1696 414 1760 extitisse
439 1696 563 1771 tatecr3
596 1698 699 1761 etiam
724 1697 809 1760 illud
840 1697 997 1783 adiungo,
1022 1699 1154 1782 saepius

96 1800 147 1864 ad
166 1798 302 1863 laudem
317 1807 419 1884 atque
436 1803 597 1865 virtutem
615 1808 769 1864 naturam
786 1802 857 1865 sine
882 1800 1033 1866 doctrina
1056 1823 1157 1886 quam

97 1907 180 1969 sine
206 1911 326 1974 natura
342 1905 487 1969 valuisse
512 1903 709 1968 doctrinam.
758 1905 873 1989 Atque
899 1905 987 1970 idem
1010 1927 1073 1992 ego
1096 1907 1158 1970 hoc
1182 1921 1211 1966 ιο

99 2007 286 2084 contendo,
313 2030 389 2072 cum
413 2009 457 2073 ad
479 2018 633 2073 naturam
660 2011 820 2074 eximiam
845 2017 880 2075 et
906 2011 1084 2075 inlustrem
1107 2031 1157 2076 ac·

101 2114 249 2179 cesserit
270 2114 354 2178 ratio
378 2115 544 2199 quaedam
568 2113 854 2199 conformatioque
879 2114 1058 2190 doctrinae,
1083 2123 1156 2179 tum

103 2217 197 2281 illud
220 2219 331 2282 nescio
354 2219 439 2303 quid
463 2219 671 2303 praeclarum
701 2241 739 2283 ac
762 2220 932 2305 singulare
959 2220 1065 2284 solere
1089 2221 1156 2284 exi-

103 2330 208 2387 stere.
255 2323 307 2386 Ex
331 2324 393 2388 hoc
416 2345 487 2389 esse
512 2324 601 2387 hunc
625 2345 774 2399 numero,
791 2345 892 2407 quem
915 2331 1025 2407 patres
1050 2325 1155 2388 nostri
1173 2328 1210 2388 16

108 2427 279 2503 viderunt,
310 2428 463 2493 divinum
494 2429 671 2505 homiuem,
704 2428 913 2505 Africanum,
945 2449 987 2492 ex
1026 2428 1088 2492 hoc
1120 2429 1158 2491 Ο.
1183 2444 1211 2487 15

110 2529 273 2607 Laelium,
301 2531 338 2594 L.
365 2532 514 2608 Furium,
540 2532 822 2596 moderatissimos
848 2533 997 2596 homines
1023 2540 1057 2596 et
1080 2555 1156 2596 con-

110 2636 362 2712 tinentissimos,
387 2659 429 2702 ex
453 2637 515 2701 hoc
542 2637 763 2701 fortissimum
789 2638 896 2701 virum
925 2644 959 2700 et
984 2637 1050 2700 illis
1077 2645 1156 2701 tem-

111 2740 246 2823 poribus
276 2740 517 2818 doctissimum,
544 2742 591 2805 M.
618 2741 782 2806 Catonem
812 2742 909 2804 illum
940 2763 1072 2826 senem3
1097 2743 1156 2825 qui

111 2843 261 2927 profecto
276 2846 305 2909 si
321 2845 405 2909 nihil
421 2845 463 2909 ad
481 2845 729 2930 percipiendam
745 2844 985 2928 colendamque
998 2846 1158 2909 virtutem

111 2949 231 3014 litteris
254 2949 506 3027 adiuvarentur,
531 2972 717 3035 numquam
747 2971 781 3014 se
806 2949 848 3013 ad
872 2971 985 3013 earum
1008 2949 1160 3012 studium
1183 2969 1213 3014 20

112 3056 344 3119 contulissent.
399 3054 529 3134 Quodsi
559 3077 625 3119 non
657 3055 710 3120 hic
741 3061 855 3118 tantus
888 3053 1019 3118 fructus
1051 3063 1157 3118 osten-

112 3156 256 3234 deretur,
281 3161 367 3223 etsi
390 3181 433 3224 ex
457 3160 508 3223 his
532 3159 654 3224 studiis
671 3159 852 3224 delectatio
883 3159 953 3222 sola
976 3165 1157 3242 peteretur,

113 3270 232 3339 tamen,
264 3269 303 3325 ut
334 3265 458 3346 opinor,
491 3264 575 3328 hanc
599 3265 701 3328 animi
732 3263 961 3328 remissionem
991 3263 1157 3327 humanis-

112 3367 228 3431 simam
258 3387 295 3429 ac
334 3367 599 3432 liberalissimam
638 3368 841 3432 iudicaretis.
903 3366 989 3430 Nam
1028 3375 1158 3431 ceterae

114 3491 221 3556 neque
245 3477 434 3555 temporum
464 3480 545 3536 sunt
569 3494 678 3556 neque
703 3479 853 3536 aetatum
876 3472 1025 3535 omnium
1050 3491 1159 3556 neque
1182 3485 1211 3530 aa

113 3574 279 3649 locorum3
310 3582 346 3639 at
374 3576 455 3640 haec
486 3576 601 3640 studia
625 3576 890 3641 adulescentiam
913 3576 1020 3652 alunt,
1045 3595 1156 3640 senec·

114 3687 221 3744 tutem
251 3678 430 3756 oblectant,
455 3681 618 3745 secundas
642 3703 694 3745 res
719 3689 850 3756 ornant,
874 3679 1023 3745 adversis
1047 3677 1157 3765 perfu-

115 3785 206 3868 gium
221 3803 258 3847 ac
281 3784 442 3848 solacium
466 3785 635 3869 praebent,
653 3785 824 3848 delectant
847 3783 947 3859 domi,
966 3805 1031 3848 non
1057 3786 1157 3865 impe-

115 3888 212 3951 diunt
234 3887 325 3965 forie,
345 3897 545 3973 pernoctant
567 3888 751 3964 nobiscum,
775 3889 1044 3973 peregrinantur,
1062 3881 1160 3951 rusti-

116 3998 240 4055 cantur.
