2800 4367
497 326 578 377 cnr.
603 326 691 386 roe,
715 325 835 388 §er-os.
1167 310 1229 377 217

100 525 105 532 ·
164 513 265 562 xm.
290 496 368 576 Quo
384 496 483 562 modo
498 499 603 583 igitur
626 497 688 562 hoe
714 499 749 561 in
774 518 895 584 genere
921 495 1077 581 praesidii
1102 517 1178 560 con-
1191 499 1232 563 90

118 603 237 685 parati
264 622 400 666 accusas
432 600 589 678 Sestium,
614 623 690 666 euru
724 600 813 666 idem
844 600 962 666 leudes
993 599 1180 666 Milonem?

120 708 193 782 An,
221 707 286 791 qui
309 726 372 770 sua
396 713 487 770 tecta
511 704 674 780 defendit,
699 705 759 789 qui
783 703 826 770 ab
848 706 923 781 aris,
944 703 1026 768 focis
1050 704 1176 770 ferrum

117 809 367 895 flammamque
393 808 542 893 depellit,
563 810 622 893 qui
645 808 708 872 sibi
730 809 831 872 licere
856 809 928 872 volt
942 815 1028 886 ‚tuto
1045 829 1119 872 esse
1142 809 1178 870 in

118 913 208 990 foro,
227 915 267 978 in
282 913 419 999 templo,
432 914 467 976 in
480 913 582 989 ouria,
596 913 668 977 iure
685 911 889 996 praesidium
901 919 1073 996 comparat
1086 935 1094 987 3
1120 913 1180 996 qui
1216 929 1232 974 o

29 1066 30 1079 ,
119 1018 340 1095 vulneribus,
357 1038 443 1102 quae
460 1017 569 1082 cernit
579 1016 703 1082 cotidie
717 1023 789 1080 toto
802 1037 949 1100 corpore,
963 1023 1127 1092 monetur,
1140 1023 1180 1080 ut

117 1122 245 1206 aliquo
262 1120 429 1206 praesidio
444 1128 549 1205 caput
563 1127 600 1186 et
614 1121 762 1186 cervices
779 1128 813 1186 et
829 1120 985 1206 iugulum
1010 1141 1047 1185 eo
1071 1121 1176 1185 latera

29 1242 30 1245 ’
118 1234 274 1302 tutetur,
298 1226 389 1290 hunc
412 1224 454 1289 de
477 1226 512 1290 vi
541 1224 770 1290 accusandum
801 1225 925 1309 putas?
970 1222 1056 1303 Quis
1088 1224 1175 1289 enim
1194 1229 1231 1291 91

118 1338 293 1406 nostrum,
325 1329 463 1404 iudices,
492 1330 626 1416 ignorat
652 1329 701 1394 ita
727 1335 880 1392 naturam
909 1349 1019 1392 rerum
1050 1327 1177 1405 tulisse,

118 1444 161 1497 ut
188 1434 340 1518 quodam
363 1441 511 1518 tempore
535 1433 688 1498 homines
715 1431 865 1497 nondum
894 1453 1004 1517 neque
1033 1432 1178 1496 naturali
1203 1448 1231 1493 io

118 1559 239 1621 neque
264 1538 355 1601 civili
382 1538 454 1602 iure
477 1536 645 1622 descripto
670 1536 738 1600 iusi
766 1558 825 1622 per
851 1558 948 1623 agros
972 1558 1011 1601 ae
1036 1535 1177 1621 dispersi

118 1647 335 1728 vagarentur
365 1648 568 1724 tantumque
600 1639 770 1717 habereut,
802 1647 968 1726 quantum
1000 1661 1100 1704 uranu
1139 1661 1177 1705 ac

118 1745 259 1810 viribus
282 1767 341 1829 per
364 1743 498 1810 caedem
521 1766 570 1808 ae.
592 1744 733 1810 vulnera
763 1752 823 1810 aut
852 1745 979 1829 eripere
1010 1751 1070 1810 aut
1100 1745 1175 1810 reti-

118 1871 206 1914 nere
224 1849 439 1933 potuissent?
486 1847 555 1927 Qui
578 1849 684 1934 igitur
707 1849 806 1934 primi
825 1848 951 1913 virtute
977 1855 1013 1913 et
1036 1848 1176 1914 consilio

117 1955 313 2038 praestanti
352 1953 551 2028 extiterunt,
583 1953 607 2015 ii
637 1959 813 2037 perspecto
851 1973 974 2039 genere
1012 1952 1177 2018 humanae
1202 1968 1230 2014 15

118 2058 311 2122 docilitatis
341 2065 444 2141 atque
476 2057 604 2143 ingenii
634 2056 826 2141 dissupatos
862 2078 967 2123 uuum
999 2057 1034 2120 in
1065 2057 1177 2122 locum

118 2169 378 2248 congregarunt
414 2182 539 2245 eosque
582 2183 625 2226 ex
667 2160 801 2227 feritate
838 2161 897 2226 illa
931 2160 974 2226 ad
1012 2162 1174 2226 iustitiam

118 2276 231 2351 atque
249 2265 290 2328 ad
307 2263 599 2330 mansuetudinem
619 2257 896 2332 transdurreruut.
945 2266 1034 2330 Tum
1057 2287 1110 2332 res
1133 2265 1176 2330 ad

120 2393 340 2436 communem
363 2371 558 2447 utilitatem,
582 2391 667 2454 quas
692 2371 844 2455 publicas
867 2370 1085 2456 appellamus,
1102 2377 1176 2434 tum

120 2475 366 2541 conventicula
388 2475 571 2550 homiuum,
597 2496 684 2559 quae
710 2483 826 2560 postea
852 2477 1006 2542 civitates
1034 2475 1179 2539 nomina·
1201 2488 1231 2533 20
1253 2461 1256 2469 ’

122 2591 180 2645 tae
198 2586 289 2655 suut,
306 2587 379 2643 turn
397 2579 566 2644 domicilia
589 2581 778 2657 coniuncta,
796 2601 881 2665 quas
897 2579 995 2645 urbes
1021 2579 1173 2657 dicimus

121 2687 269 2748 invento
285 2691 320 2748 et
335 2682 452 2748 divino
468 2685 539 2748 iure
556 2692 592 2749 et
607 2684 756 2749 humano
772 2685 947 2750 moenibus
968 2691 1175 2770 saepserunt.

123 2792 248 2873 Atque
263 2789 352 2854 inter
367 2788 452 2854 hanc
469 2789 574 2853 vitam
590 2791 789 2874 perpolitam
806 2789 1015 2856 humanitate
1032 2797 1067 2854 et
1082 2790 1173 2852 illam
1190 2791 1230 2854 92

122 2897 309 2956 immanem
325 2892 409 2955 nihil
426 2900 494 2956 tam
512 2894 654 2958 interest
669 2915 772 2978 quam
797 2894 849 2957 ius
875 2903 977 2978 atque
1001 2893 1062 2957 vis.
1110 2891 1176 2955 Ho-

124 3019 202 3060 rum
217 3004 294 3061 utro
309 2997 362 3062 uti
377 2998 547 3073 nolumus„
564 2997 670 3062 altero
689 3005 741 3062 est
758 2997 932 3063 utendum.
979 2997 1059 3061 Vim
1085 2996 1177 3060 volu·
1200 3011 1229 3055 25

126 3123 204 3166 mus
230 3103 408 3188 extingui3
432 3101 624 3166 ius·valeat
651 3123 784 3166 necesse
810 3111 871 3178 est,
897 3101 932 3164 id
959 3109 1011 3166 est
1041 3099 1174 3175 iudicia,

126 3205 254 3289 quibus
281 3226 379 3270 omne
409 3206 463 3269 ius
491 3206 694 3270 continetur.
742 3205 872 3270 Iudicia
903 3205 1085 3290 displicent
1115 3213 1175 3270 aut

125 3310 225 3373 nulla
251 3316 350 3384 sunt3
374 3310 426 3374 vis
457 3309 652 3374 dominetur
684 3332 817 3376 necesso
843 3318 904 3376 est.
951 3310 1027 3375 Hoc
1060 3309 1177 3374 vident

127 3435 264 3488 omues3
288 3412 374 3476 Milo
400 3421 436 3478 et
458 3414 545 3478 vidit
566 3421 602 3478 et
624 3413 716 3491 iecit,
734 3423 774 3479 ut
798 3416 850 3480 ius
872 3415 1090 3499 experiretur,
1107 3415 1175 3478 vim

127 3516 323 3601 depelleret.
369 3517 490 3583 Altero
505 3519 558 3581 uti
574 3519 698 3596 voluit,
716 3527 756 3584 ut
780 3520 888 3584 virtus
911 3518 1084 3584 audaciam
1109 3519 1178 3582 vin·
1200 3530 1229 3574 30

127 3630 241 3696 ceret;
264 3622 371 3688 altero
387 3643 469 3687 usus
485 3625 670 3688 necessario
692 3631 755 3702 est,
772 3646 813 3689 ne
839 3625 945 3689 virtus
973 3623 1015 3687 ab
1038 3622 1176 3686 audacia

128 3733 331 3792 vinceretur.
378 3726 572 3812 Eademque
604 3730 688 3792 ratio
719 3727 787 3794 fuit
814 3727 905 3793 Sesti
939 3729 967 3792 si
1000 3728 1109 3790 minus
1140 3727 1175 3788 in

127 3830 318 3896 accusando
342 3834 472 3919 (neque
497 3832 584 3896 enim
609 3834 798 3916 peremnis
822 3832 889 3896 fuit
914 3831 1000 3894 idem
1028 3831 1098 3894 fieri
1122 3851 1163 3892 ue
