2800 4367
218 299 282 364 242
561 309 632 359 reo
655 310 686 360 r.
711 308 837 360 srsrro
859 306 1009 358 oasrm.

269 505 290 548 a
303 483 375 550 suis
390 481 521 549 civibus
537 480 687 546 damnati
706 486 808 566 atque
831 479 964 565 expulsi
988 487 1111 558 tamen,
1128 481 1209 568 quia
1235 480 1352 546 bene

245 612 250 623 ’
268 594 351 653 sunt
364 586 406 652 de
422 587 493 651 suis
509 584 704 650 civitatibus
728 585 848 662 meriti,
864 591 960 649 tanta
982 584 1080 650 hodie
1103 585 1214 672 gloria
1239 592 1353 650 sunt

271 713 339 756 non
361 691 396 755 in
422 689 564 756 Graecia
590 689 711 767 solum,
734 688 794 755 sed
818 689 920 754 etiam
946 688 1037 774 apud
1064 711 1124 754 nos
1152 697 1267 775 atque
1302 691 1352 752 in

215 813 231 858 o
267 796 386 862 ceteris
411 795 518 870 terris,
534 801 575 858 ut
596 815 699 870 eos,a
722 793 845 879 quibus
869 793 922 857 illi
945 794 1095 879 oppressi
1121 794 1200 871 sint,
1220 815 1351 860 nemo

252 888 428 974 nominet,
444 898 563 963 horum
580 897 805 963 calamitatem
818 896 1036 964 dominationi
1052 897 1186 962 illorum
1199 919 1261 962 om
1267 921 1352 964 nes

267 1006 483 1085 anteponant.
531 998 617 1077 Quis
634 997 963 1085 Carthaginiensium
979 998 1085 1083 pluris
1101 996 1170 1062 fuit
1185 997 1353 1063 Hanni-

270 1100 343 1166 bale
362 1099 511 1176 consili0,
535 1099 673 1175 virtute,
698 1097 799 1163 rebus
821 1099 936 1185 gestis,
960 1099 1020 1185 qui
1045 1120 1133 1163 unus
1161 1121 1245 1164 cum
1277 1107 1352 1164 tot

267 1203 522 1289 imperatoribus
549 1203 672 1269 nostris
697 1224 758 1288 per
778 1209 830 1267 tot
853 1224 958 1267 annos
985 1202 1026 1267 de
1051 1204 1189 1289 imperio
1217 1211 1258 1269 et
1292 1204 1350 1270 de

215 1325 245 1371 10
265 1309 373 1396 gloria
388 1306 597 1395 decertavit?
642 1307 745 1372 Hune
761 1307 815 1372 sui
830 1307 950 1372 oivese
967 1308 1105 1373 civitate
1122 1309 1323 1374 eiecerunt
1337 1335 1348 1386 ;

267 1435 327 1478 nos
344 1413 447 1478 etiam
468 1413 599 1478 hostem
625 1411 747 1477 litteris
773 1412 895 1476 nostris
918 1419 953 1476 et
977 1413 1135 1477 memoria
1158 1413 1348 1480 videmus

196 1522 253 1585 14³
268 1540 339 1584 esse
356 1517 572 1585 celebratum.
620 1515 732 1596 Quare
753 1517 925 1581 imitemur
946 1524 1077 1581 nostros
1101 1517 1241 1594 Brutos,
1265 1517 1349 1583 Ca-

178 1671 180 1674 >
267 1624 386 1700 milles,
418 1612 555 1698 Ahalas,
588 1621 720 1698 Dacica,
753 1620 883 1698 Curios,
915 1621 1095 1698 FabricioS,
1134 1620 1344 1701 Maxima,

268 1726 449 1814 Scipiones,
466 1726 639 1803 Lentulos,
658 1725 832 1802 Aemilios,
849 1726 1109 1790 innumerabiles
1132 1726 1230 1804 alios,
1261 1731 1344 1813 qui

216 1847 244 1891 15
266 1831 351 1896 haue
381 1853 450 1896 rem
481 1831 652 1916 publicam
683 1829 940 1906 stabiliverunt3
981 1852 1065 1914 quos
1097 1830 1264 1916 equidem
1297 1835 1342 1896 in

267 1934 405 2001 deorum
422 1935 659 1999 immortalium
683 1942 782 1998 coetu
807 1956 844 1998 ac
870 1956 1010 1999 numero
1033 1956 1166 2019 repono.
1215 1935 1345 2003 Ame-

267 2063 341 2106 mus
371 2042 522 2126 patriam,
562 2061 736 2126 pareamus
773 2041 915 2115 senatui,
947 2041 1158 2104 consulamus
1197 2041 1342 2121 bonis;

266 2147 449 2230 praesentis
468 2145 599 2210 fructus
625 2145 853 2232 neglegamus,
880 2145 1084 2228 posteritatis
1108 2145 1238 2231 gloriae
1257 2169 1343 2212 ser-

267 2251 408 2328 viamus,
431 2250 466 2314 id
487 2271 558 2315 esse
583 2250 749 2335 optimum
772 2256 943 2335 putemus,
968 2248 1060 2334 quod
1083 2251 1148 2314 erit
1169 2252 1342 2318 rectissi-
1376 2245 1377 2250 ἵ

189 2351 244 2415 'ao
265 2378 367 2431 mum,
399 2377 579 2440 speremus,
612 2377 698 2440 quae
731 2355 896 2430 volumuS,
925 2353 994 2430 sed,
1026 2353 1118 2442 quod
1141 2355 1339 2438 acciderit,

266 2459 423 2536 feramus,
452 2460 639 2546 cogitemus
668 2459 813 2544 denique
841 2480 961 2543 corpus
994 2459 1140 2523 virorum
1171 2458 1339 2529 fortium
1376 2537 1377 2544 ἵ

264 2585 529 2651 magnorumque
546 2563 720 2627 hominum
745 2585 815 2628 esse
841 2563 989 2639 mortale,
1014 2563 1115 2626 animi
1143 2585 1225 2629 vero
1252 2589 1340 2634 mo·
1376 2561 1377 2584 ;

266 2675 322 2732 tus
361 2676 396 2732 et
432 2668 569 2732 virtutis
607 2668 747 2754 gloriam
786 2669 1033 2752 sempiternam,
1065 2689 1184 2752 neque,
1227 2669 1336 2740 hanc
1376 2745 1377 2748 Ἴ

267 2772 456 2856 opinionem
479 2773 505 2835 si
530 2772 564 2834 in
588 2772 647 2835 illo
674 2772 883 2836 sanctissimo
912 2771 1059 2836 Hercule
1085 2783 1335 2843 consecratam
1376 2761 1377 2764 Ἴ

213 2907 242 2950 25
264 2875 428 2952 videmus,
446 2876 542 2940 ouius
558 2897 693 2960 corpore
712 2874 864 2940 ambusto
882 2876 987 2939 vitam
1000 2876 1072 2946 eius
1096 2883 1131 2940 et
1146 2877 1333 2948 virtutem

266 2981 498 3044 immortalitas
516 2981 685 3065 excepisse
704 2979 844 3056 dicatur,
862 2979 972 3043 minus
990 2981 1222 3046 existimemus
1247 3006 1331 3065 eoa,

268 3086 328 3171 qui
344 3085 429 3149 hanc
448 3091 576 3148 tantam
594 3106 665 3149 rem
687 3084 857 3170 publicam
881 3085 950 3149 suis
975 3085 1122 3150 consiliis
1139 3092 1200 3150 aut
1224 3087 1333 3156 labo-

267 3189 359 3254 ribus
376 3197 436 3255 aut
451 3189 610 3278 auxerint
632 3197 692 3254 aut
718 3188 931 3254 defenderint
955 3196 1015 3253 aut
1038 3191 1213 3268 servarint,
1239 3215 1329 3263 esse

265 3294 487 3358 immortalem
501 3293 640 3380 gloriam
656 3300 863 3358 consecutos.

194 3403 251 3464 144
309 3416 412 3463 LXIX.
436 3397 504 3464 Sed
529 3421 582 3463 me
607 3405 754 3483 repente,
779 3397 971 3476 iudices‚de
994 3397 1256 3476 fortissimorum
1286 3415 1328 3471 et

265 3504 523 3570 clarissimorum
553 3503 679 3567 civium
704 3502 869 3590 dignitate
894 3510 929 3568 et
954 3503 1061 3590 gloria
1085 3503 1255 3570 dicentem
1285 3519 1327 3575 et

267 3609 365 3694 plura
386 3609 487 3674 etiam
510 3607 620 3672 dicere
644 3615 817 3693 parantem
848 3595 966 3672 horum
998 3615 1153 3693 aspectus
1177 3609 1213 3672 in
1239 3611 1324 3696 ipso

192 3701 195 3706 ¹
265 3736 365 3778 cursu
395 3713 555 3777 orationis
586 3713 753 3797 repressit.
815 3711 924 3778 Video
957 3711 995 3775 P.
1029 3711 1186 3790 Sestium,
1218 3736 1322 3785 meae

227 3832 242 3877 a
264 3817 393 3894 salutis,
407 3823 539 3882 vestrae
556 3817 777 3892 auctoritatis,
790 3815 943 3900 publicae
957 3838 1074 3882 causae
1087 3816 1320 3902 defensorem,
