2800 4367
183 317 245 380 226
532 323 606 375 rao
627 323 659 372 r.·
682 322 811 374 susum
834 319 986 406 onemo

160 582 181 595 ..
233 499 325 565 solus
339 503 513 564 comesset.
560 492 693 559 Deinde
710 514 752 557 ex
768 493 890 579 inpuro
905 490 1121 556 adulescente
1138 497 1174 558 et
1188 497 1293 575 petu-
1376 505 1377 562 ἶ

233 605 334 679 laute,
350 607 571 687 posteaquam
595 618 665 661 rem
687 603 861 680 paternam
886 594 928 658 ab
952 594 1140 678 idiotarum¹
1153 593 1291 658 divitiis
1376 639 1377 674 3

232 707 275 773 ad
309 704 583 794 philosophorum
622 699 768 765 reculam
807 697 977 784 perduxit,
1010 697 1215 763 Graeculum
1251 720 1290 762 se
1376 755 1377 784 ,

179 829 209 874 25
230 820 332 895 atque
348 809 494 899 otiosum
518 806 629 890 putari
646 803 765 880 voluit,
782 802 895 867 studio
912 803 1100 868 litterarum
1118 824 1153 867 sc
1169 802 1291 867 subito
1376 845 1377 886 3

233 914 371 980 dedidit.
418 911 513 975 Nihil
540 910 727 975 suavitates
757 907 920 973 iuvabant
943 913 1158 994 anagnostae,
1175 907 1290 972 libelli
1376 925 1377 982 3

232 1021 332 1084 etiam
349 1038 447 1102 saepe
464 1037 524 1100 pro
540 1015 620 1079 vino
633 1012 961 1100 oppignerabantur;
985 1010 1142 1076 manebat
1156 1013 1293 1076 11100111-
1376 1063 1377 1078 ,

162 1134 166 1138 “
233 1123 333 1186 rabile
374 1121 546 1194 abdomen,
577 1119 693 1203 copiae
724 1116 933 1182 deficiebant.
992 1116 1113 1201 Itaque
1151 1138 1293 1200 semper
1376 1171 1377 1206 ,

233 1226 431 1291 versabatur
447 1227 481 1288 in
497 1246 556 1309 spe
574 1245 684 1288 rerum
702 1243 874 1298 novarum,
892 1223 961 1287 otio
977 1229 1013 1287 et
1036 1221 1291 1305 tranquillitate

179 1346 210 1392 ao
231 1332 278 1395 rei
305 1331 458 1414 publicae
487 1326 754 1393 consenescebat.
802 1343 862 1389 nn.
896 1325 1033 1411 Ecquae
1061 1325 1182 1390 seditio
1215 1347 1293 1388 um-

223 1443 334 1520 quam
351 1434 428 1510 fuit,
445 1435 479 1496 in
496 1454 563 1517 qua
586 1453 653 1496 non
677 1431 734 1495 ille
763 1430 942 1515 princeps?
964 1430 1064 1515 ecqui
1091 1428 1291 1504 seditiosus‘,
1376 1498 1377 1504 ,

160 1521 164 1525 ⁸
232 1539 287 1603 cui
303 1538 361 1602 ille
377 1558 444 1601 non
460 1536 660 1600 familiaris?
682 1557 807 1620 ecquae
826 1533 1022 1599 turbulenta
1045 1534 1167 1609 conti0,
1184 1535 1291 1598 cuius
1376 1594 1377 1600 ,

161 1666 175 1680 ··
233 1643 289 1706 llle
305 1663 373 1705 non
389 1640 597 1705 concitator?
619 1641 674 1704 cui
691 1639 878 1704 benedixit
894 1648 1054 1723 umquam
1072 1638 1182 1702 bono?
1198 1637 1292 1703 bene
1376 1627 1377 1704 J

194 1746 342 1809 edixit?
364 1747 466 1810 immo
483 1765 584 1830 quem
609 1737 730 1808 fortem
754 1751 789 1807 et
811 1743 936 1807 bonum
962 1745 1070 1808 civem
1094 1764 1160 1807 non
1189 1750 1293 1826 petu-

232 1852 416 1915 lautissime
439 1856 492 1914 est
514 1849 722 1913 insectatus?
747 1848 817 1932 qui,
842 1855 882 1912 ut
905 1847 1014 1924 cred0,
1039 1869 1107 1911 nou
1132 1846 1291 1911 libidinis
1372 1859 1374 1864 “

125 1974 135 1991 ·
233 1976 342 2031 causa,
359 1953 419 2019 sed
434 1960 476 2019 ut
490 1947 654 2038 plebicola
670 1952 852 2029 videretur,
871 1953 1060 2016 libertinam
1079 1950 1179 2016 duxit
1202 1973 1292 2015 uxo·
1367 1944 1369 1947 ⁸

161 2062 216 2122 111
231 2081 310 2123 10111.
357 2059 392 2123 Is
407 2057 449 2122 de
473 2080 525 2122 me
549 2056 748 2142 suffragium
774 2057 864 2133 tulit,
882 2058 909 2120 is
934 2056 1055 2133 adfuit,
1074 2058 1101 2121 is
1125 2055 1292 2120 interfuit
1369 2053 1377 2133 J,

232 2163 340 2247 epulis
364 2170 399 2228 et
421 2160 704 2248 gratulationibus
733 2161 994 2246 parricidarum
1019 2162 1053 2224 in
1078 2183 1146 2246 quo
1168 2167 1290 2226 tamen

180 2283 209 2327 10
231 2275 284 2331 est
299 2289 351 2331 me
367 2267 471 2342 ultuS,
489 2288 565 2331 cum
589 2267 649 2329 1110
673 2287 729 2330 010
754 2266 907 2330 inimicos
931 2272 983 2330 est
1006 2285 1096 2330 meos
1119 2265 1289 2330 saviatus.
1369 2247 1377 2341 ,³

234 2371 302 2450 Qui
319 2373 416 2456 quasi
431 2392 505 2435 mea
519 2371 620 2454 culpa
642 2369 730 2436 bona
755 2369 948 2454 perdiderit,
965 2370 1013 2434 ita
1030 2369 1156 2434 obeam
1174 2371 1288 2454 ipsam

232 2496 365 2540 causam
391 2481 443 2540 est
471 2475 553 2538 mihi
579 2476 747 2551 inimicus,
773 2476 854 2558 quia
884 2474 968 2538 nihil
999 2474 1109 2539 habet.
1156 2473 1289 2538 Utrum

232 2602 295 2666 ego
321 2579 384 2644 tibi
396 2567 649 2663 ‘patrimonium
677 2579 794 2663 eripui,
820 2578 920 2655 Gelli,
945 2600 987 2642 an
1015 2585 1054 2642 tu
1081 2577 1289 2656 comedisti?
1356 2583 1377 2678 a

163 2682 165 2688 ’
232 2684 348 2763 Quid?
372 2692 412 2748 tu
440 2705 513 2749 meo
538 2684 697 2768 periculo,
715 2705 838 2769 gurges
862 2704 900 2747 ac
924 2704 1049 2770 vorago
1077 2683 1287 2767 patrimonii,

180 2805 208 2850 15
231 2789 431 2864 helluabare,
448 2796 497 2864 ut,
525 2789 553 2852 si
580 2809 643 2874 ego
671 2788 789 2852 consul
817 2809 886 2852 rem
914 2787 1083 2872 publicam
1108 2794 1226 2861 contra
1252 2796 1287 2852 te

230 2901 265 2958 et
281 2895 425 2980 gregalis
441 2902 517 2957 tuos
533 2891 769 2969 defendissem,
787 2894 820 2956 in
837 2893 976 2970 civitate
993 2897 1135 2958 esse'me
1151 2892 1288 2960 nolles?
1362 2889 1375 2996 ,

231 2997 279 3061 Te
296 3017 393 3061 nemo
409 3004 545 3060 tuorum
562 2995 674 3060 videre
691 2996 778 3072 vult,
795 3017 909 3060 omnes
926 2995 1066 3071 aditum,
1084 3015 1286 3072 sermonem,

230 3121 445 3187 congressum
462 3107 558 3164 tuum
576 3099 737 3185 fugiunt3
762 3107 795 3164 te
817 3101 937 3164 sororis
961 3100 1051 3164 filius
1074 3099 1284 3177 Postumius,
1353 3087 1368 3190 th

190 3191 199 3207 ⁰
230 3205 427 3270 adulescens
443 3205 566 3291 gravis,
582 3204 680 3269 senili
704 3203 839 3281 iudicia,
856 3205 998 3280 notavit,
1015 3226 1092 3268 oum
1108 3205 1143 3266 in
1159 3225 1285 3290 magno

179 3326 209 3371 00
231 3310 369 3374 numero
385 3316 533 3373 tutorem
548 3308 662 3372 liberis
682 3330 749 3372 non
773 3309 933 3373 instituit.
980 3307 1048 3373 Sed
1071 3309 1179 3374 elatus
1203 3308 1284 3373 odoi
1351 3309 1377 3402 [1

193 3473 197 3479 ,
231 3423 266 3479 01
292 3436 366 3479 11100
391 3421 427 3478 01
452 3415 501 3478 101
527 3414 679 3498 publicae
711 3415 855 3490 nomine,
878 3435 1023 3498 quorum
1052 3413 1109 3477 ille
1142 3413 1209 3477 utri
1237 3415 1285 3479 sit
1351 3397 1371 3519 ,³

230 3519 406 3594 inimicior,
434 3520 555 3595 nescis,
580 3519 677 3603 plura
704 3517 784 3594 dixi,
810 3539 909 3603 quam
939 3517 1118 3582 dicendum
1146 3516 1222 3593 fuit,
1246 3519 1281 3582 in

161 3621 490 3693 mendosissimum
519 3630 622 3708 atque
649 3623 905 3709 egentissimum
938 3643 1133 3708 ganeonem.
1192 3621 1281 3686 Illuc
1364 3608 1367 3625 ³

231 3734 400 3792 revertor:
425 3735 541 3792 contra
564 3749 616 3792 me
640 3749 717 3791 cum
741 3729 787 3792 sit
809 3735 920 3791 actum
949 3733 1046 3812 capta
1072 3725 1153 3790 urbe
1176 3732 1281 3810 atque

180 3850 210 3896 aa
231 3851 397 3916 oppressa,
422 3829 578 3905 Gellium,
608 3829 817 3906 Firmidium,
846 3831 985 3908 Titium,
1012 3828 1162 3895 eiusdem
1189 3829 1280 3894 modi
1345 3820 1366 3927 ,³
