2800 4367
448 352 642 416 1111111,
666 351 681 415 ς
705 351 823 456 nana
1146 339 1209 408 229

68 546 95 588 se
121 521 229 588 ludis
267 522 393 590 homo
425 527 598 611 popularis
628 525 799 590 commisit
829 525 975 602 omnin0,
1006 547 1083 591 cum
1121 527 1156 591 iu

69 630 191 713 templo
229 627 415 694 Virtutis
445 630 551 694 honos
588 629 723 695 habitus
753 637 843 695 esset
870 631 990 696 virtuti
1021 629 1153 716 Gaique

30 808 31 811 Ἴ
70 734 160 810 Mari,
182 735 470 800 conservatoris
493 733 594 798 huius
617 735 758 820 imperii,
776 744 1031 799 monumentum
1051 737 1157 798 muni·

30 868 31 927 3
69 841 128 922 cipi
160 840 252 903 eius
290 845 337 904 et
360 838 413 902 rei
442 837 594 921 publicae
617 837 786 906 defensori
810 837 924 904 sedem
947 837 1153 904 adsalutem

70 943 313 1026 praebuisset.
1179 959 1208 1004 aa

29 1102 30 1107 ,
106 1065 169 1110 nv.
199 1047 300 1127 Quo
338 1046 480 1132 quidem
514 1054 662 1133 tempore
693 1047 778 1132 quid
808 1048 954 1133 populus
986 1048 1157 1112 Romanus
1174 1045 1227 1108 117

28 1190 30 1206 1
70 1149 197 1218 sentire
232 1175 277 1218 se
318 1151 526 1229 ostenderet,
559 1160 705 1238 utroque
737 1153 772 1216 iu
800 1175 922 1239 genere
949 1151 1155 1218 declaratum

28 1263 29 1272 ’
70 1267 127 1332 est,
145 1258 422 1341 primumcum
437 1256 554 1322 audito
571 1264 708 1322 senatus
725 1257 880 1321 consulto
897 1258 944 1322 rei
962 1257 1025 1342 ipsi
1049 1265 1150 1342 atque

27 1358 28 1411 ἶ
70 1362 209 1425 absenti
243 1362 394 1426 senatui
418 1361 556 1444 plausus
572 1368 625 1426 est
646 1359 689 1424 ab
709 1361 876 1426 universis
899 1359 1007 1436 datus
1033 1359 1153 1424 deinde
1232 1347 1236 1358 ¹

71 1489 149 1530 cum
166 1464 411 1531 senatoribus
432 1464 576 1550 singulis
593 1471 783 1549 spectatum
800 1487 818 1528 1
845 1471 966 1529 senatu
989 1463 1156 1528 redeunti·
1191 1481 1206 1527 1

27 1596 28 1603 ¹
71 1571 152 1645 bus3
179 1591 274 1634 cum
295 1589 382 1633 vero
398 1568 481 1652 ipse,
498 1570 557 1652 qui
574 1567 672 1632 ludos
697 1567 851 1644 faciebat,
876 1568 994 1633 consul
1018 1567 1152 1644 assedit,

25 1752 27 1761 γ
72 1685 211 1740 stantes
258 1675 298 1739 ei
330 1672 487 1737 manibus
523 1674 630 1758 passis
660 1677 786 1761 gratias
817 1683 954 1762 agentes
984 1682 1019 1739 et
1049 1676 1154 1739 lacru-

26 1816 27 1867 3
73 1789 215 1844 mantes
235 1778 375 1866 gaudio
390 1799 487 1841 suam
502 1799 583 1864 erga
606 1800 659 1844 me
682 1778 946 1844 benivolentiam
969 1800 1006 1842 ac
1030 1779 1154 1843 miseri-

25 1868 27 1885 *
72 1885 239 1949 cordiam
257 1882 492 1947 declararunt
541 1883 590 1947 At
604 1905 681 1948 cum
705 1884 762 1948 ille
790 1883 992 1948 furibundus
1016 1884 1156 1947 incitata

25 1984 27 2015 ³
73 1991 133 2052 1111
160 2011 237 2054 sua
263 1985 425 2052 vaecordi
448 1995 562 2053 mente
591 1989 747 2064 venisset,
772 1990 829 2054 vix
864 1989 1067 2075 sepopulus
1092 1990 1207 2054 lio-10

73 2116 206 2158 manus
228 2093 361 2169 tenuit,
377 2093 437 2156 vix
452 2092 605 2157 homines
622 2092 736 2156 odium
754 2115 853 2157 suurn
879 2115 897 2157 a
920 2115 1054 2178 corpore
1078 2095 1150 2158 eius

26 2222 27 2237 ¹
73 2201 213 2282 inpuro
247 2205 357 2282 atque
388 2195 528 2262 infando
555 2207 804 2283 represserunt3
833 2222 931 2264 voces
958 2199 1094 2284 quidem
1117 2207 1152 2264 et

73 2305 288 2388 palmarum
315 2303 469 2368 intentus
496 2310 532 2368 et
556 2302 810 2368 maledictorum
835 2305 1011 2369 clamorem
1034 2325 1149 2368 ornnes

73 2409 336 2492 profuderunt.
384 2406 452 2472 Sed
476 2407 560 2493 quid
590 2430 653 2493 ego
684 2409 801 2494 populi
833 2409 973 2474 Romani
1005 2409 1152 2472 animum
1170 2405 1224 2467 118

75 2515 332 2596 virtutemque
363 2533 587 2577 commemoro
619 2513 808 2578 libertatem
836 2514 900 2578 iam
926 2536 967 2578 ex
991 2513 1151 2577 diuturna
1175 2529 1203 2573 11

74 2619 265 2683 servitute
296 2615 507 2701 dispicientis
538 2617 574 2681 in
602 2639 642 2682 eo
669 2618 813 2694 homine,
841 2619 896 2683 cui
924 2627 995 2682 tum
1022 2619 1149 2702 petenti

76 2724 152 2784 iam
186 2720 404 2786 aedilitatem
430 2744 474 2788 ne
505 2721 684 2787 histriones
718 2723 854 2807 quidem
886 2744 994 2786 coram
1020 2723 1149 2786 sedenti

76 2825 347 2909 pepercerunt?
391 2824 479 2890 Nam
503 2847 582 2890 cum
611 2834 768 2912 ageretur
796 2833 911 2913 togata
939 2824 1148 2900 ‘Simulans’

78 2938 124 2993 ut
149 2930 293 3014 opinor,
320 2936 455 2995 caterva
482 2937 554 2996 tota
581 2930 764 2995 clarissima
790 2931 1008 2995 concentione
1036 2930 1070 2991 in
1094 2950 1149 2992 ore

79 3034 209 3116 inpuri
226 3032 374 3096 hominis
390 3034 559 3100 inminens
576 3035 771 3099 contionata
787 3044 857 3099 est:
1172 3046 1203 3093 ao

229 3185 349 3263 huic,
373 3185 488 3264 Tite,
516 3195 593 3253 tua
622 3190 726 3272 post
748 3188 982 3272 principia
1011 3194 1147 3271 atque

130 3293 301 3356 exitus
325 3291 541 3357 Vitidsae
565 3292 696 3357 vitae.

83 3445 246 3512 Sedebat
267 3447 490 3521 exanimatus,
507 3447 595 3524 etia,
612 3447 672 3531 qui
688 3453 788 3511 antea
809 3455 981 3512 cantorum
998 3447 1147 3510 convicio

83 3552 271 3616 contiones
312 3550 478 3616 celebrare
508 3572 585 3616 suas
615 3550 755 3628 solebat,
787 3559 959 3616 cantorum
999 3552 1146 3635 ipsorum

84 3655 236 3721 vocibus
257 3655 450 3728 eiciebatur.
498 3655 544 3720 Et
560 3658 718 3742 quoniam
735 3655 825 3720 facta
842 3657 967 3720 mentio
984 3663 1035 3720 est
1057 3655 1149 3720 ludo·
1171 3669 1199 3714 aa

85 3784 182 3837 rum,
195 3782 240 3826 ne
256 3760 345 3825 illud
360 3760 496 3846 quidem
514 3761 788 3845 praetermittam,
799 3761 835 3823 in
852 3781 972 3846 magna
984 3760 1146 3825 varietate

85 3865 344 3930 sententiarum
377 3885 560 3949 numquam
594 3864 702 3926 ullum
733 3861 838 3928 fuisse
868 3864 992 3940 locum,
1020 3864 1055 3927 in
1079 3885 1147 3948 quo
