2800 4367
426 367 508 420 cnr.
532 367 588 432 31,
613 370 628 432 s
652 369 738 422 rau.
1092 355 1154 424 251

27 534 92 627 ergo
105 539 233 607 tulit?
286 540 425 626 Nempe
442 547 482 606 ut
504 549 731 627 quaereretur.
777 540 871 622 Quid
893 563 990 630 porro
1006 565 1105 630 quae·

27 625 158 710 landum
177 646 275 711 est?
302 644 480 710 factumne
495 645 563 710 sit?
609 646 660 710 At
674 653 818 711 constat.
864 647 897 710 A
914 647 1009 733 quo?
1054 647 1104 713 At

38 759 116 834 pret.
180 749 310 815 Vidit
335 750 444 836 igitur
469 749 570 815 etiam
602 750 636 812 111
667 747 877 816 confessione
908 749 991 815 facti
1021 751 1103 817 iuris

40 870 127 918 nmen
144 853 410 920 defensionem
433 855 559 939 suscipi
583 875 690 940 posse.
739 850 930 934 Quodnisi
952 855 1101 934 vidisset,

40 983 110 1044 posse
126 959 285 1025 absolvi
305 981 395 1035 eum,
409 960 468 1044 qui
484 959 658 1036 fateretur,
676 981 752 1024 cum
772 959 902 1026 videret
918 981 978 1025 uos
995 961 1102 1038 fateri,
1126 977 1156 1022 ao

27 1070 125 1149 ireque
160 1065 306 1150 quaeri
337 1085 499 1148 umquam
530 1065 682 1129 iussisset
713 1085 774 1129 nec
800 1063 894 1129 vobis
923 1072 991 1129 tam
1017 1065 1102 1130 hanc

40 1171 211 1234 salutarem
245 1170 290 1231 in
323 1166 505 1232 iudicando
535 1168 684 1233 litteram
716 1189 817 1253 quarn
848 1169 941 1232 illam
972 1170 1102 1233 tristem

27 1266 181 1338 dedisset
240 1271 340 1335 Mihi
371 1293 451 1336 vero
482 1271 544 1336 Cn.
577 1271 759 1356 Pompeius
791 1294 858 1336 non
889 1272 988 1337 modo
1018 1273 1102 1337 nihil

38 1380 156 1462 gravius
184 1385 324 1443 contra
352 1375 514 1439 Milonem
538 1375 713 1452 iudicasse,
735 1375 795 1440 sed
820 1378 920 1441 etiam
943 1379 1100 1442 statuisse

38 1483 167 1560 ridetur,
212 1479 312 1567 quid
351 1501 411 1546 vos
451 1481 485 1542 in
524 1479 704 1545 iudicando
741 1487 892 1565 spectare
924 1488 1101 1566 oporteret.
1125 1499 1154 1543 10

36 1585 116 1663 lam,
146 1588 223 1672 qui
258 1605 333 1647 non
363 1607 505 1670 poenam
536 1583 749 1662 confessioni,
781 1584 841 1649 sed
871 1584 1098 1651 defensionem

35 1690 124 1767 dedit,
150 1693 185 1756 is
215 1710 362 1754 causam
388 1691 547 1755 interitus
571 1689 806 1775 quaerendam,
832 1712 899 1754 non
927 1691 1101 1755 interitum

35 1797 171 1878 putavit.
230 1811 304 1857 vn.
341 1793 412 1856 lam
432 1792 518 1856 illud
541 1795 611 1878 ipse
635 1792 726 1857 dicet
749 1793 909 1880 profecto,
927 1794 1018 1879 quod
1041 1799 1154 1860 311316

35 1908 144 1981 sponte
175 1898 287 1972 fecit,
312 1896 479 1962 Publione
507 1896 627 1961 Clodio
658 1897 877 1963 tribuendum
905 1901 1033 1984 putarit
1058 1921 1100 1963 311

35 2000 187 2083 tempori.
245 1997 351 2060 Domi
374 2018 454 2061 suae
479 1995 706 2062 nobilissimus
723 1999 775 2063 vir
798 2007 934 2064 senatus
959 2021 1102 2086 propug-

35 2113 123 2166 nator
152 2109 276 2186 atque
305 2101 371 2164 illis
399 2100 536 2186 quidem
563 2101 769 2186 temporibus
797 2125 901 2188 paene
929 2111 1099 2190 patronus

35 2207 235 2271 avunculus
279 2204 378 2269 huius
418 2204 538 2270 iudicis
580 2207 686 2270 nostri
728 2205 903 2272 fortissimi
940 2210 1013 2283 viri,
1053 2209 1099 2272 M.
1139 2225 1154 2270 5
1222 2255 1223 2260 η

36 2310 188 2386 13101113,
222 2307 383 2373 tribunus
414 2310 459 2395 pl.
488 2309 536 2373 M.
568 2309 700 2374 Drusus
731 2312 860 2376 occisus
887 2319 948 2376 est.
1008 2311 1101 2376 Nihil

35 2415 64 2478 de
105 2417 193 2479 eius
242 2420 352 2477 morte
393 2415 539 2498 populus
585 2415 771 2492 consultus,
812 2417 906 2480 nulla
947 2419 1100 2501 quaestio

34 2519 171 2584 decreta
204 2540 228 2581 a
256 2526 376 2582 senatu
400 2526 461 2584 est.
508 2519 684 2599 Quantum
711 2521 841 2585 luctum
868 2522 903 2584 in
930 2520 990 2585 hac
1018 2521 1102 2586 urbe.

34 2624 137 2690 luisse
163 2647 189 2690 a
221 2625 348 2688 nostris
376 2624 526 2709 patribus
550 2627 750 2711 accepimus,
775 2641 851 2690 oum
876 2627 914 2691 P.
939 2626 1101 2692 Africano

33 2729 121 2794 dorni
156 2751 250 2795 suae
283 2730 468 2813 quiescenti
500 2731 558 2794 illa
589 2738 755 2795 nocturna
786 2733 837 2796 vis
868 2739 956 2796 esset
986 2731 1101 2796 illata!
1126 2748 1154 2794 10

34 2833 117 2912 Quis
152 2844 239 2899 tum
273 2855 340 2898 non
370 2836 507 2920 gemuit,
534 2836 611 2920 quis
638 2856 706 2899 non
737 2836 818 2899 arsit
847 2835 971 2912 dolore,
999 2859 1100 2921 quem

33 2938 273 3014 inmortalem,
289 2939 318 3002 si
334 2938 405 3003 fieri
424 2946 547 3024 posset,
565 2960 679 3004 omnes
695 2961 766 3004 esse
783 2947 954 3024 cuperent,
971 2941 1041 3004 eius
1058 2963 1099 3005 ue

33 3044 272 3109 necessariam
301 3044 437 3128 quidem
460 3052 671 3129 expectatam
698 3065 769 3108 esse
797 3045 963 3110 mortem?
1009 3044 1100 3132 Num

34 3149 143 3234 igitur
160 3149 240 3212 11113
257 3150 408 3232 quaestio
425 3148 465 3213 de
490 3148 645 3212 Africani
669 3155 774 3212 morte
797 3148 867 3212 lata
883 3148 957 3214 est?
1003 3148 1102 3214 Certe
1127 3166 1154 3210 14

34 3255 142 3317 nulla.
202 3250 296 3330 Quid
311 3253 380 3316 ita?
412 3252 501 3332 Quia
517 3275 584 3317 non
600 3253 665 3315 alio
681 3251 828 3317 facinore
845 3254 925 3317 clari
941 3253 1100 3330 homines
1118 3257 1154 3318 17

34 3357 98 3421 alio
124 3356 271 3421 obscuri
293 3364 464 3420 necantur.
511 3356 653 3421 Intersit
674 3357 764 3421 inter
787 3358 877 3422 vitae
901 3357 1100 3444 dignitatern

34 3480 259 3525 summorum
282 3467 384 3545 atque
407 3461 618 3536 infimorum3
642 3482 730 3525 mors
755 3460 891 3546 quidem
916 3461 1020 3525 inlata
1043 3483 1102 3546 per

35 3566 153 3630 scelus
172 3563 284 3627 isdem
299 3571 334 3629 et
355 3566 471 3650 poenis
495 3571 651 3630 teneatur
673 3573 709 3630 ct
730 3565 871 3652 legibus.
918 3566 992 3630 Nisi
1016 3565 1100 3630 forte
1185 3625 1188 3629 ,

35 3670 149 3755 magis
169 3669 239 3733 erit
253 3669 426 3752 parricida,
443 3671 471 3734 si
496 3671 554 3755 qui
578 3671 788 3734 consularem
810 3678 939 3756 patrem
956 3671 1101 3755 quamsi

37 3775 116 3854 quis
133 3771 305 3836 humilem
320 3775 456 3850 necarit,
470 3781 530 3838 aut
545 3796 584 3838 eo
598 3796 685 3839 mors
702 3776 845 3838 atrocior
859 3776 923 3840 erit
940 3775 978 3838 P.
993 3774 1102 3851 Clodi,
1126 3791 1155 3837 ao

39 3876 135 3958 quod
152 3877 190 3939 is
205 3876 241 3938 in
256 3879 480 3942 monumentis
497 3880 660 3942 maiorum
673 3900 811 3942 suorum
823 3881 869 3942 sit
884 3876 1100 3954 interfectus3
