2800 4367
515 301 595 352 car.
619 303 690 364 ou,
715 301 727 358 t
751 304 837 352 aare.
1199 290 1246 357 ’39

146 473 305 549 civitatis,
329 472 371 537 ab
392 472 444 539 his
466 472 602 537 defendi
633 481 668 538 et
697 474 821 537 firmari
853 482 1033 559 putantur:
1064 497 1195 540 summa
1277 538 1282 545 .

146 577 249 640 etiam
265 577 403 653 utilitas,
421 576 588 662 siquidem
604 600 718 665 eorum
735 578 874 641 oonsilio
890 586 925 642 et
943 580 1093 663 periculo
1117 602 1195 644 oum

145 702 182 743 re
204 680 348 765 publica,
370 687 444 744 tum
465 682 566 745 etiam
588 682 710 745 nostris
732 681 832 745 rebus
855 682 983 765 perfrui
1005 704 1193 767 possumus.
1230 701 1246 746 5
1348 682 1358 737 .’

147 782 269 849 Gravis
286 784 387 848 etiam
406 784 464 849 illa
486 791 538 849 est
559 792 594 849 et
614 785 716 869 plena
736 784 912 871 dignitatis
934 785 1087 863 facultas,
1105 810 1192 872 quae
1241 829 1249 837 -

144 909 243 973 saepe
259 886 369 953 valuit
384 889 419 950 in
442 888 578 965 consule
602 886 792 974 deligendo,
808 910 905 973 posse
928 875 1077 955 consilio'
1091 899 1193 976 atque

145 992 294 1057 oratione
310 999 345 1056 et
360 998 496 1056 senatus
513 999 548 1056 et
563 992 679 1076 populi
695 1001 870 1069 eteorum,
887 994 948 1077 qui
964 1016 1015 1058 res
1032 995 1192 1072 iudicant,

145 1104 274 1161 mentes
289 1117 493 1181 permovere.
540 1096 724 1175 Quaeritur
739 1098 867 1173 consul,
885 1099 945 1181 qui
961 1097 1102 1163 dicendo
1126 1122 1193 1164 non

144 1222 330 1286 numquam
360 1202 557 1285 comprimat
592 1200 789 1265 tribunicios
827 1200 967 1278 furores,
998 1205 1057 1287 qui
1088 1206 1194 1268 conci·
1217 1221 1246 1266 10

144 1311 254 1369 tatum
284 1305 447 1389 populum
477 1303 599 1381 flectat,
632 1305 693 1388 qui
724 1305 895 1391 largitioni
926 1307 1068 1370 resistat.
1116 1307 1193 1371 Non

143 1409 275 1485 mirum,
292 1410 321 1472 si
337 1408 380 1473 ob
394 1408 480 1473 hano
497 1408 695 1473 facultatem
712 1409 863 1474 homines
882 1431 979 1493 saepe
999 1412 1101 1473 etiam
1124 1433 1191 1475 non

143 1512 271 1577 nobiles
302 1513 515 1577 consulatum
550 1514 724 1577 consecuti
759 1520 849 1589 sunt,
884 1516 1077 1597 praesertim
1115 1537 1193 1579 curn

140 1614 224 1685 haec
245 1616 360 1681 eadem
382 1638 434 1681 res
456 1616 617 1701 plurimas
640 1617 775 1703 gratias,
793 1616 996 1681 firmissimas
1018 1619 1191 1695 amicitias,

143 1722 288 1785 maxima
317 1720 431 1785 studia
462 1723 580 1805 pariat.
628 1720 782 1801 Quorum
814 1722 849 1783 in
884 1724 949 1786 isto
972 1729 1085 1786 vestro
1116 1726 1193 1788 arti·
1216 1742 1244 1785 15

142 1826 227 1902 ficio,
245 1824 383 1909 Sulpici,
401 1825 485 1888 nihil
502 1832 563 1891 est.
610 1824 762 1917 Primum
778 1825 926 1911 dignitas
946 1827 981 1888 in
1004 1832 1074 1889 tam
1096 1830 1191 1891 tenui
1203 1831 1242 1894 25

142 1931 283 1995 scientia
303 1952 371 1994 non
395 1937 509 2015 potest
531 1950 622 2004 esse3
646 1952 698 1994 res
722 1930 812 1993 enim
833 1937 915 1993 sunt
937 1951 1070 2013 parvae,
1090 1953 1191 2015 prope

142 2036 176 2097 iu
200 2036 343 2121 singulis
370 2035 492 2099 litteris
516 2041 629 2118 -atque
663 2033 991 2117 interpunctionibus
1014 2034 1191 2099 verborum

142 2146 333 2223 occupatae.
380 2138 521 2215 Deinde,
539 2125 670 2203 etiamsi
687 2138 771 2222 quid
785 2137 1036 2222 apud'maiores
1060 2148 1191 2205 nostros

142 2241 210 2306 fuit
233 2244 269 2306 in
292 2244 357 2308 isto
381 2242 494 2308 studio
528 2242 767 2318 admirationis,
791 2242 828 2305 id
862 2244 1046 2306 enuntiatis
1070 2245 1190 2307 vestris
1214 2261 1243 2304 ao

142 2348 311 2433 mysteriis
335 2354 445 2412 totum
468 2355 521 2411 est
543 2354 774 2430 contemptum
791 2354 826 2410 et
847 2346 1024 2411 abiectum.
1070 2347 1191 2412 Posset

141 2454 197 2538 agi
220 2452 294 2538 lege
319 2473 435 2527 necne,
460 2453 559 2535 pauci
583 2450 754 2536 quondam
777 2450 945 2526 sciebant;
969 2449 1074 2515 fastos
1098 2454 1188 2515 enim

142 2554 247 2642 vulgo
269 2577 337 2619 non
360 2556 535 2620 habebant.
583 2556 691 2619 Erant
723 2549 759 2618 in
792 2576 913 2640 magna
945 2558 1105 2638 potentia,
1129 2559 1189 2640 qui

142 2658 421 2734 consulebantur3
446 2681 464 2722 a
488 2659 611 2743 quibus
636 2660 737 2723 etiam
761 2658 831 2723 dies
855 2665 1027 2742 tamquam
1050 2681 1069 2722 a
1094 2659 1190 2723 Chal-

141 2761 233 2827 daeis
268 2763 455 2847 petebatur.
503 2764 670 2829 Inventus
706 2770 758 2827 est
792 2763 900 2827 scriba
938 2763 1085 2846 quidam,
1126 2764 1187 2828 Cn.
1212 2782 1241 2826 25

141 2865 290 2945 Flavius,
308 2868 368 2951 qui
384 2868 554 2932 cornicum
571 2869 684 2932 oculos
701 2867 878 2931 confixerit
900 2874 936 2931 et
956 2868 1099 2952 singulis
1124 2867 1190 2932 die-

141 2970 202 3035 bus
219 2970 406 3036 ediscendis
423 2960 528 3037 fastos
545 2972 670 3057 populo
686 2972 898 3056 proposuerit
913 2978 948 3034 et
962 2971 1004 3035 ab
1019 2972 1099 3054 ipsis
1116 2993 1189 3055 oap-

141 3075 185 3139 sis
196 3076 517 3139 iurisconsultorum
530 3078 729 3160 sapientiam
741 3075 939 3159 compilarit.
979 3074 1099 3158 ltaque
1111 3076 1188 3139 irati

140 3179 200 3256 illi,
217 3179 310 3265 quod
332 3188 414 3244 sunt
429 3181 537 3257 veriti,
561 3202 603 3245 ne
627 3180 757 3244 dierum
780 3181 909 3244 ratione
932 3180 1132 3265 pervulgata
1155 3188 1189 3243 et

141 3285 275 3371 cognita
297 3285 369 3348 sine
392 3306 454 3349 sua
477 3306 576 3369 opera
599 3286 673 3371 lege
696 3286 752 3370 agi
767 3292 890 3368 posset,
906 3284 1009 3348 verba
1024 3283 1189 3368 quaedam
1211 3301 1241 3344 ao

141 3396 409 3473 composuerunt,
438 3396 477 3452 ut
503 3389 657 3453 omnibus
688 3390 724 3452 in
754 3388 853 3453 rebus
884 3389 950 3472 ipsi
977 3390 1187 3454 interessent.

140 3509 206 3555 ΧΠ.
261 3492 348 3556 Cum
400 3493 462 3557 hoc
508 3493 579 3557 fieri
627 3493 806 3558 bellissime
852 3499 993 3582 possete
1026 3492 1187 3558 ‘Fundus
1199 3496 1240 3559 26

141 3596 283 3662 Sabinus
316 3620 410 3662 meus
441 3598 513 3663 est’
561 3599 687 3663 ‘Immo
719 3597 834 3674 meus,'
859 3597 979 3662 deinde
1011 3598 1184 3675 iudicium,

140 3702 330 3767 noluerunt.
380 3701 573 3778 ‘Faunus’
589 3704 713 3787 inquit,
733 3712 817 3775 ‘our
839 3718 905 3765 nsr
928 3718 970 3764 ru
992 3718 1188 3779 Aeno,ou1

140 3821 299 3869 SABINUS
315 3804 512 3869 VOCATUR!
559 3805 647 3870 Satis
665 3806 804 3870 verbose
818 3829 825 3879 3
850 3804 932 3869 cedo
948 3805 1032 3889 quid
1047 3807 1187 3890 postea?
