2800 4367
414 383 419 390 .
498 334 578 389 oar.
602 337 692 402 24-27,
717 337 836 402 §aaa
1140 323 1201 392 201

116 516 146 572 et
159 505 196 573 de
212 518 360 593 tempore
378 510 491 595 legum
503 509 737 595 rogandarum,
750 531 817 574 una
830 511 1002 597 rogatione
1013 510 1151 589 delevit,

116 615 202 677 mitto
218 635 351 678 omnem
367 613 582 678 domesticam
597 614 722 692 labe1n3
740 616 838 680 etiam
854 624 984 680 exteras
999 619 1150 683 nationes

116 717 197 781 illius
223 719 303 781 anni
330 717 442 782 furore
466 728 705 803 conquassatas
733 719 936 784 videbamus.
986 720 1075 807 Lege
1099 724 1155 786 tri·
1190 738 1205 782 5

116 823 238 886 bunicia
277 823 397 888 Matris
438 823 582 910 Magnae
624 824 862 888 Pessinuntius
903 825 959 889 ille
999 827 1152 890 sacerdos

117 928 268 1010 expulsus
295 935 329 991 et
356 928 520 1012 spoliatus
547 928 734 994 sacerdotio
763 937 815 993 est
847 928 1031 1013 fanumque
1059 953 1151 995 sano-

118 1032 308 1095 tissimarum
325 1039 428 1116 atque
436 1033 746 1117 antiquissimarum
762 1034 963 1118 religionum
977 1034 1151 1098 venditum

118 1137 248 1219 pecunia
262 1135 385 1222 grandi
401 1136 588 1222 Brogitaro,
600 1138 732 1221 impuro
749 1137 876 1200 hornini
894 1145 995 1222 atque
1013 1138 1152 1225 indigno

117 1241 167 1303 illa
180 1240 350 1327 religione,
367 1241 562 1325 praesertim
578 1263 654 1304 cunr
672 1263 745 1304 earn
761 1240 823 1305 sibi
841 1241 897 1306 ille
922 1262 987 1305 uon
1012 1243 1153 1318 colendi,
1178 1259 1206 1303 10

42 1376 43 1389 r
117 1343 633 1429 sedviolaudioausaadpetisset3
651 1346 1153 1432 appellatiregesapopulo,qui
1209 1403 1212 1408 .

42 1532 43 1535 Ἴ
117 1448 147 1511 id
167 1470 347 1533 numquam
373 1471 449 1514 nea
470 1457 591 1514 senatu
608 1449 744 1533 quidem
768 1450 1007 1533 postulassent,
1025 1450 1154 1515 reducti

42 1562 43 1637 ζ
118 1552 222 1617 exules
236 1554 439 1639 Byzantium
449 1553 661 1618 condemnati
671 1562 839 1630 tunr,cum
850 1553 1034 1619 indemnati
1043 1556 1152 1620 civese

42 1706 43 1739 3
118 1658 242 1721 civitate
265 1656 480 1722 eiciebantnr.
529 1659 603 1721 Rex
626 1657 852 1733 Ptolomaeus,
870 1659 929 1743 qui
952 1659 981 1722 si
1007 1658 1206 1724 norrdu11157

42 1788 43 1849 j
118 1763 280 1846 eratipsea
293 1769 413 1826 senatu
429 1762 540 1826 socius
557 1761 756 1846 appellatus,
766 1769 837 1826 erat
846 1760 1071 1826 tamenlrater
1082 1759 1154 1826 eius
1179 1777 1206 1821 15

42 1856 43 1923 i
117 1867 203 1951 regis,
220 1867 280 1950 qui
303 1887 381 1930 cum
404 1872 494 1931 esset
509 1866 544 1929 iu
560 1865 673 1930 eaden]
699 1887 809 1940 causa,
828 1867 895 1928 iam
911 1873 983 1929 erat
998 1888 1018 1928 a
1033 1875 1153 1930 senatu

117 1969 263 2036 honorem
289 1971 393 2035 istum
417 1980 632 2048 consecutus,
650 1979 721 2035 erat
743 1969 859 2034 eodem
880 1992 1001 2054 genere
1018 1969 1155 2034 eisdem-

43 2140 44 2145 ,
117 2096 174 2157 que
189 2075 379 2150 maioribus
396 2074 513 2140 eadem
530 2083 697 2140 vetustate
722 2073 903 2149 societatis
920 2073 1065 2157 denique
1083 2082 1155 2138 erat
1219 2150 1223 2162 Ι

118 2200 168 2243 rex
182 2180 209 2243 si
225 2178 375 2243 nondum
397 2181 518 2256 socius,
535 2186 571 2243 at
595 2200 662 2243 non
686 2179 808 2252 hostis3
834 2185 980 2262 pacatus,
1006 2179 1152 2262 quietus,

117 2280 212 2348 fretus
230 2285 368 2368 imperio
385 2285 500 2369 populi
518 2284 660 2348 Romani
677 2304 781 2369 regno
797 2290 936 2366 paterno
952 2290 1053 2366 atque
1064 2284 1154 2347 avito
1178 2299 1207 2342 20

43 2374 46 2433 ἒ
117 2388 209 2472 regali
225 2389 294 2452 otio
310 2387 617 2472 perfruebatur-z
635 2387 676 2451 de
693 2387 755 2451 hoo
773 2386 856 2448 nihil
873 2387 1053 2471 cogitante,
1069 2387 1154 2449 nihil

117 2493 295 2576 suspicante
313 2491 439 2556 eisdem
455 2492 563 2576 operis
578 2489 781 2577 suffragium
798 2489 985 2555 ferentibus
998 2499 1050 2555 est
1062 2513 1154 2576 roga·

118 2602 190 2672 tum,
207 2605 245 2660 ut
261 2594 380 2660 sedens
398 2619 475 2660 cum
491 2617 641 2681 purpura
656 2604 691 2660 et
714 2604 844 2678 sceptro
869 2604 903 2659 et
927 2596 993 2659 illis
1017 2596 1154 2680 insigni-

43 2677 47 2692 *
117 2696 171 2763 bus
192 2700 293 2785 regiis
324 2700 479 2784 praeconi
506 2699 639 2784 publico
670 2699 879 2764 subiceretur
906 2705 940 2763 et
966 2700 1152 2784 imperante

43 2788 47 2815 ²
118 2804 231 2887 populo
260 2804 419 2879 Romanu,
448 2804 507 2888 qui
534 2805 635 2867 etiam
662 2803 750 2868 bello
775 2805 872 2868 victis
896 2802 1029 2890 regibus
1053 2825 1157 2890 regna
1179 2820 1207 2864 25

118 2906 242 2972 reddere
290 2909 477 2984 consuevit,
516 2929 575 2972 rex
614 2909 740 2972 amicus
780 2909 873 2970 nulla
910 2908 1032 2970 iniuria
1070 2929 1156 2972 oom-

119 3019 297 3089 memorata‚
329 3012 432 3076 nullis
464 3012 562 3076 rebus
594 3013 745 3096 repetitis
777 3034 852 3076 cunr
881 3011 976 3076 bonis
1001 3012 1154 3077 omnibus

120 3115 347 3196 publicaretur.

156 3236 270 3284 xxvii.
304 3220 416 3284 Multa
432 3220 557 3295 acerba,
575 3221 682 3283 multa
699 3222 819 3304 turpia,
837 3221 945 3284 multa
961 3220 1157 3285 turbulenta
1169 3225 1208 3286 58

120 3319 223 3387 habuit
238 3324 295 3388 ille
312 3345 440 3397 annus3
458 3335 571 3388 tarnen
587 3324 636 3387 illi
653 3326 782 3401 sceleri,
801 3323 893 3408 quod
907 3325 941 3387 in
956 3347 1007 3389 me
1020 3325 1155 3389 illorum

121 3425 305 3492 innnanitas'
320 3428 437 3504 edidit,
455 3429 541 3492 haud
559 3429 629 3493 scio
643 3450 686 3492 an
703 3442 793 3493 recte
807 3429 868 3492 hoc
879 3431 1073 3514 proximum
1084 3451 1155 3494 esse

123 3527 267 3597 dicamus.
315 3531 524 3596 Antiochum
556 3533 719 3619 Magnum
751 3533 849 3596 illum
880 3535 1019 3599 maiores
1050 3534 1156 3597 nostri

123 3653 229 3721 magna
244 3636 555 3701 bellicontentione
574 3645 661 3701 terra
677 3639 828 3722 marique
853 3647 1048 3723 superatum
1071 3639 1157 3702 intra
1193 3651 1208 3696 5

123 3749 258 3805 montem
282 3741 434 3804 Taurum
459 3763 597 3827 regnare
624 3743 803 3818 iusserunt,
821 3743 948 3819 Asiani,
966 3764 1034 3827 qua
1058 3743 1156 3806 illum

123 3845 306 3922 multarunt,
325 3846 453 3921 Attalo,
471 3847 553 3909 ntis
571 3855 726 3932 regnaret
743 3847 774 3907 in
795 3867 842 3922 ea,
862 3846 1137 3912 condonaverunt
1147 3871 1155 3923 ;
