2800 4367
479 340 481 345 ’
511 324 591 407 car.
617 358 671 420 is,
696 358 710 419 s
733 357 789 410 aa.
1206 346 1225 409 3

124 533 214 597 intra
238 531 369 595 moenia
396 537 497 614 atque
514 527 596 594 adeo
613 530 647 591 in
664 536 784 594 senatu
801 529 955 618 ridemus
981 517 1193 594 intestinam

125 637 273 720 aliquam
290 632 411 699 cotidie
428 634 608 718 perniciem
635 633 683 697 rei
710 633 864 718 publicae
890 635 1094 699 molientem.
1140 635 1176 699 Si
1211 621 1213 624 ⁵
1306 697 1310 714 ,

125 748 159 805 55
205 741 282 815 iam,
322 738 479 813 Catilina,
518 737 765 823 comprehendi,
789 739 817 801 si
855 737 1000 802 interfici
1040 739 1175 815 iussero,
1199 756 1228 801 25

126 843 236 919 credc,
265 843 329 907 erit
345 840 529 907 verendum
552 841 643 918 mihi,
672 864 714 906 ne
742 863 809 906 non
837 842 950 926 potius
978 841 1042 912 hoc
1063 865 1176 908 omnes
1258 922 1263 931 Ι

126 948 205 1013 boni
236 947 343 1011 serius
374 968 393 1009 a
424 967 475 1011 me
507 967 609 1031 quam
640 947 819 1031 quisquam
851 946 1020 1010 crudelius
1048 946 1177 1011 factum

127 1074 198 1117 esse
216 1051 315 1115 dicat.
362 1051 490 1114 Verum
507 1072 570 1136 ego
595 1050 667 1125 hoc,
685 1048 777 1135 quod
804 1050 869 1113 iam
896 1049 1026 1134 pridem
1050 1049 1178 1115 iactum

127 1178 199 1221 esse
223 1156 380 1239 oportuit,
410 1163 498 1219 certa
525 1155 565 1219 de
591 1176 691 1247 causa
719 1154 868 1219 nondum
893 1154 1041 1220 adducor
1068 1166 1106 1220 ut
1132 1156 1178 1219 f-

129 1262 222 1325 ciam.
270 1243 370 1322 Tum¹
386 1258 530 1343 denique
560 1258 770 1335 interficiere,
787 1281 864 1324 curu
891 1260 956 1323 iam
984 1281 1082 1323 nemo
1109 1268 1177 1323 tam
1200 1275 1230 1321 30

128 1364 299 1448 inprobus,
324 1360 583 1447 tarn'perditus,
609 1371 679 1427 tam
708 1365 759 1427 tui
787 1365 904 1428 similis
932 1366 1079 1429 inveniri
1108 1373 1178 1448 pot·

129 1472 203 1545 erit,
221 1470 279 1553 qui
297 1468 332 1531 id
355 1491 422 1532 non
450 1469 522 1533 iure
550 1468 676 1532 factum
706 1490 778 1534 esse
803 1468 961 1533 fateatur.
1009 1468 1216 1547 Quanrdiuss

129 1575 308 1658 quisquam
333 1574 407 1649 erit,
424 1574 484 1658 qui
500 1580 534 1638 te
558 1572 739 1639 defendere
763 1572 896 1649 audeat,
915 1574 1018 1649 vivae,
1034 1580 1069 1637 et
1085 1574 1178 1637 vives

129 1680 187 1753 ita,
205 1685 243 1741 ut
260 1678 358 1753 vivis,
376 1678 490 1741 multis
519 1677 600 1742 meis
624 1685 659 1742 et
684 1676 790 1741 firmis
815 1676 989 1761 praesidiis
1014 1676 1178 1752 obsessus,
1237 1659 1242 1672 ⁸

130 1805 171 1846 ne
197 1802 406 1845 conunovere
430 1788 463 1845 te
492 1789 609 1845 contra
636 1804 706 1845 reru
734 1780 903 1866 publicam
931 1781 1047 1863 possis
1094 1780 1180 1842 Mul-
1202 1796 1231 1840 35

130 1894 242 1951 torum
268 1893 301 1951 te
330 1888 429 1951 etiam
459 1888 548 1951 oculi
576 1895 611 1950 et
638 1907 736 1949 aures
760 1867 828 1948 non
856 1885 1068 1960 sentientem,
1092 1885 1180 1948 sieut

131 1990 241 2054 adhuc
258 1990 422 2066 fecerunt,
440 1990 708 2074 speculabuntur
724 1997 827 2073 atque
845 1988 1048 2053 custodient.

175 2112 229 2158 111.
254 2095 390 2159 Etenim
422 2094 504 2179 quid
537 2102 597 2171 est,
634 2093 791 2168 Catilina,
817 2091 909 2178 quod
940 2094 1006 2155 iam
1038 2094 1180 2176 amplius

133 2206 299 2283 expectes
317 2200 471 2283 sineque
489 2220 557 2261 nox
577 2197 725 2262 tenebris
743 2196 920 2261 obscurare
938 2204 1077 2279 coeptus
1094 2196 1183 2260 nefa·

132 2305 199 2368 rios
216 2326 277 2367 neo
292 2304 426 2387 privata
441 2302 562 2367 domus
580 2301 765 2386 parietibus
791 2302 964 2365 continere
983 2322 1083 2365 voces
1107 2322 1182 2364 con-

132 2408 310 2471 iurationis
348 2414 426 2472 tuae
465 2414 587 2490 potest,
620 2406 647 2469 si
679 2406 907 2480 illustrantur,
939 2406 967 2469 si
986 2411 1183 2488 erumpunt

133 2511 271 2576 omnia?
318 2511 418 2575 Muta
440 2512 506 2574 iam
534 2511 632 2574 istam
662 2516 820 2586 mentem,
837 2509 919 2571 mihi
936 2509 1044 2585 crede,
1068 2508 1184 2572 oblivi-
1219 2523 1234 2567 5

133 2637 225 2681 scere
259 2614 370 2679 caedis
401 2622 504 2699 atque
536 2614 779 2680 incendiorum.
838 2614 978 2678 Teneris
1011 2612 1182 2696 undique3

37 2706 40 2713 Δ
125 2720 210 2785 'luce
226 2727 307 2783 sunt
323 2720 464 2784 clariora
480 2720 577 2783 uobis
604 2727 664 2783 tua
690 2720 829 2783 consilia
854 2719 983 2794 omuia3
1007 2740 1093 2802 quae
1117 2719 1181 2781 iam

135 2845 265 2889 mecum
290 2824 370 2888 licet
393 2820 623 2909 recognoscas.
672 2824 902 2888 Meministine
926 2845 978 2887 nie
995 2830 1073 2887 ante
1096 2821 1219 2887 diem?

135 2945 191 2991 ΧΗ
215 2927 385 2991 Kalendas
413 2926 613 2993 Novembris
640 2926 751 2991 dicere
779 2927 813 2989 iu
838 2932 958 2990 senatu
984 2926 1054 2991 fore
1077 2928 1112 2989 in
1137 2948 1185 2988 ar-

136 3032 197 3096 mis
229 3038 320 3096 certo
352 3030 417 3107 die,
450 3032 509 3115 qui
541 3030 612 3095 dies
642 3030 779 3094 futurus
811 3037 900 3095 esset
926 3037 1004 3094 aute
1032 3030 1118 3094 diem
1144 3047 1184 3092 vr
1207 3047 1235 3092 10
1262 3077 1265 3085 .

137 3137 211 3199 Kal.
228 3134 439 3211 Novembris,
457 3134 494 3199 C.
513 3134 690 3211 Manlium,
708 3133 867 3199 audaciae
883 3134 1063 3198 satellitem
1080 3140 1182 3218 atque

137 3239 370 3304 administrum
401 3239 506 3315 tuae?
551 3239 641 3302 Num
676 3261 729 3303 me
760 3238 894 3314 fefellit,
926 3237 1083 3314 Catilina,
1116 3261 1183 3302 uon

137 3343 235 3407 modo
251 3365 305 3409 res
320 3350 426 3433 tanta,
443 3349 511 3407 tam
535 3350 632 3407 atrox
661 3349 797 3427 tamque
824 3342 1039 3417 incredibilis,
1057 3365 1183 3419 verum,

137 3447 171 3512 id
194 3447 287 3533 quod
318 3448 426 3511 multo
462 3449 567 3533 magis
599 3453 651 3511 est
683 3445 928 3523 admirandum,
957 3447 1055 3512 dies?
1101 3447 1183 3510 Dixi

137 3574 198 3637 ego
224 3552 311 3617 idem
337 3553 373 3615 in
389 3562 509 3616 senatu
537 3551 672 3616 caedem
698 3558 731 3615 te
748 3554 974 3636 optumatium
1002 3553 1184 3616 contulisse
1208 3565 1236 3610 15

137 3657 171 3719 iu
196 3660 274 3718 ante
299 3655 385 3718 diem
411 3671 437 3718 v
461 3653 631 3718 Kalendas
649 3652 862 3731 Novembris,
887 3661 960 3717 tum
984 3676 1058 3718 cum
1086 3655 1184 3717 multi

139 3758 306 3843 principes
344 3759 493 3822 civitatis
532 3759 639 3821 Roma
670 3780 738 3821 nou
774 3765 842 3822 tam
876 3759 928 3821 sui
964 3758 1184 3824 conservandi

139 3883 239 3946 quam
267 3868 402 3926 tuorum
431 3862 645 3926 consiliorum
678 3860 966 3947 reprimendorum
991 3883 1090 3926 causa
1112 3885 1185 3946 pro·
