2800 4367
468 431 472 438 ι
526 354 606 405 oar.
631 356 688 416 so,
713 340 837 417 §11-15‘.
1195 344 1236 410 77

129 550 219 595 usus
231 550 348 605 essem,
359 529 478 593 merito
490 550 527 592 ac
537 530 612 592 iure
627 528 820 593 laudantur.
868 529 985 613 Atque
997 530 1099 593 etiam
1112 531 1184 595 viro

131 632 226 709 forti,
243 633 390 719 collegae
406 655 490 708 mee,
508 634 580 697 laus
598 634 788 718 inpertitur,
805 632 898 717 quod
917 655 982 709 eos,
999 634 1059 717 qui
1083 634 1183 697 huius

131 738 376 802 coniurationis
392 738 571 822 participes
588 736 742 812 fuissent,
759 758 779 801 a
794 738 865 801 suis
881 745 951 802 eta
968 738 1014 801 rei
1031 738 1183 822 publicae

132 843 282 907 consiliis
299 842 504 906 removisset.
551 842 668 926 Atque
685 842 733 905 ita
755 849 972 917 censuerunt,
989 849 1030 906 ut
1046 842 1084 904 P.
1102 842 1184 907 Len-

133 947 241 1022 tuluS,
258 968 335 1010 cum
350 966 386 1011 se
403 954 558 1031 praetura
573 944 769 1022 abdicasset,
787 946 821 1009 in
838 945 1025 1010 custodiam
1043 945 1185 1011 tradere·
1209 964 1236 1008 15

133 1058 212 1127 tur3
236 1052 385 1135 itemque
402 1051 453 1114 uti
470 1048 508 1114 C.
523 1048 707 1135 Cethegus,
724 1049 760 1112 L.
772 1048 938 1125 Statilius,
954 1050 992 1112 P.
1007 1049 1181 1128 Gabinius,

134 1156 196 1240 qui
212 1176 326 1219 omnes
343 1161 534 1239 praesentes
554 1161 659 1234 erant,
677 1154 711 1217 in
737 1152 924 1217 custodiam
948 1152 1180 1231 traderentur3

133 1266 238 1343 atque
254 1257 343 1322 idem
366 1257 428 1323 hoc
452 1256 625 1323 decretum
650 1258 759 1321 estin
787 1256 825 1319 L.
852 1256 1092 1341 Cassium,'qui
1119 1258 1182 1322 sibi

132 1363 401 1448 procurationem
423 1360 651 1427 incendendae
676 1360 768 1425 urbis
793 1360 1041 1445 depoposcerat,
1068 1361 1102 1424 in
1134 1361 1181 1425 M.

133 1467 325 1551 Ceparium,
343 1465 456 1531 suiad
487 1464 717 1531 sollieitandos
733 1473 883 1550 pastores
909 1465 1068 1549 Apuliam
1092 1467 1185 1529 attri·
1206 1482 1237 1527 ao

132 1570 251 1635 butam
267 1592 339 1635 esse
355 1577 427 1635 erat
443 1569 637 1644 indicatum,
656 1570 691 1631 in
708 1567 746 1631 P.
765 1568 917 1643 Furium,
934 1569 995 1652 qui
1010 1577 1063 1634 est
1077 1590 1119 1633 ex
1141 1570 1182 1633 iis

132 1675 271 1750 colonis,
288 1695 373 1758 quos
391 1672 549 1737 Faesulas
568 1670 604 1735 L.
623 1671 719 1736 Sulla
735 1671 887 1746 deduxit,
905 1672 940 1734 iu
961 1670 1002 1750 Q.
1027 1672 1181 1735 Annium

133 1778 322 1853 Chilonem,
339 1778 399 1862 qui
416 1798 575 1841 unacum
600 1776 661 1840 hoc
687 1776 790 1839 Furio
812 1797 943 1860 semper
965 1783 1038 1840 erat
1060 1778 1095 1839 in
1119 1776 1180 1842 hac

132 1882 358 1967 Allobrogum
385 1880 622 1945 sollicitatione
648 1888 811 1956 versatus
838 1881 874 1942 in
899 1880 937 1942 P.
962 1880 1180 1957 Umbrenum,

131 1986 329 2051 libertinum
346 1985 524 2061 homiuem,
537 2006 557 2049 a
573 2005 641 2070 quo
657 1985 802 2069 primum
815 1983 933 2049 Gallos
945 1983 988 2049 ad
1001 1984 1180 2050 Gabinium
1205 2002 1235 2047 25

131 2099 313 2185 perductos
326 2120 397 2164 esse
410 2097 594 2179 constabat.
641 2098 759 2183 Atque
772 2119 811 2162 ea
822 2098 961 2163 lenitate
976 2106 1113 2163 senatus
1130 2107 1182 2164 est
1273 2170 1275 2175 .

131 2225 225 2279 usus,
243 2202 404 2283 Quirites,
429 2210 469 2267 ut
491 2224 534 2269 ex
558 2208 653 2266 tanta
676 2203 906 2267 coniuratione
935 2209 1096 2288 tantaque
1120 2204 1180 2268 hac

131 2307 351 2372 multitudine
382 2306 642 2372 domesticorum
673 2306 823 2371 hostium
853 2328 973 2371 novem
1007 2306 1180 2371 hominum

131 2412 432 2497 perditissimorum
447 2432 554 2497 poena
566 2433 601 2475 re
615 2409 750 2496 publica
762 2420 958 2475 conservata
974 2412 1178 2496 reliquorum

131 2523 262 2581 mentes
292 2517 402 2580 sanari
434 2537 529 2600 posse
558 2514 786 2579 arbitraretur.
833 2514 950 2599 Atque
979 2517 1080 2579 etiam
1106 2537 1183 2601 sup
1195 2519 1232 2581 15

130 2620 270 2705 plicatio
294 2618 345 2684 dis
369 2619 603 2684 inmortalibus
632 2640 692 2703 pro
724 2619 887 2704 singulari
917 2640 1033 2683 eorum
1064 2621 1181 2684 merito
1204 2635 1231 2679 31

129 2747 205 2789 meo
222 2726 356 2788 nomine
373 2723 507 2787 decreta
528 2729 588 2798 est,
606 2720 699 2807 quod
722 2722 803 2784 mihi
827 2723 971 2806 primum
996 2732 1073 2807 post
1095 2723 1179 2787 hanc

129 2828 249 2893 urbem
258 2827 427 2893 conditam
440 2833 556 2913 togato
569 2827 723 2912 contigit,
732 2832 767 2890 et
778 2825 831 2889 his
846 2826 981 2891 decreta
997 2826 1105 2892 verbis
1118 2836 1179 2905 est,
1257 2908 1261 2914 Ι

129 2932 273 3019 ‘quod
304 2930 454 2997 urbem
485 2929 893 3005 incendiis,caede
924 2931 1179 3006 civis,ltal-

128 3040 214 3102 iam
236 3036 358 3102 bello
383 3033 693 3101 liberassem.’
740 3033 836 3113 Quae
852 3035 1180 3120 supplicatiosicum
1202 3051 1232 3095 35

128 3143 249 3207 ceteris
272 3140 574 3226 supplicationibus
599 3137 804 3214 conferatur,
828 3137 891 3203 hoc
914 3141 1064 3216 interest,
1087 3139 1175 3224 quod

128 3254 260 3311 ceterae
291 3244 373 3309 bene
405 3252 509 3330 gesta,
542 3243 622 3308 haec
655 3265 723 3308 una
754 3250 950 3308 conservata
980 3266 1015 3308 re
1046 3244 1179 3329 publica

127 3351 316 3413 constituta
339 3356 399 3413 est.
446 3348 564 3433 Atque
581 3346 677 3425 illud,
695 3346 788 3432 quod
811 3345 1009 3411 faciundum
1032 3350 1178 3433 primum

129 3453 206 3529 fuit,
220 3452 348 3517 factum
363 3459 465 3537 atque
490 3434 697 3517 transactum
721 3458 783 3516 est.
829 3451 915 3516 Nam
939 3452 978 3514 P.
998 3452 1176 3530 Lentulus

128 3576 333 3641 quamquam
351 3555 528 3639 patefactis
548 3554 690 3631 iudiciis,
708 3554 975 3620 confessionibus
998 3557 1078 3631 suis,
1096 3555 1180 3619 iudi·
1201 3572 1231 3615 eo

126 3661 180 3724 cio
195 3667 333 3725 senatus
350 3681 417 3723 non
440 3658 538 3724 modo
561 3660 723 3744 praetoris
746 3660 809 3734 ino,
827 3681 946 3724 verum
968 3660 1069 3723 etiam
1094 3660 1176 3723 civis

127 3766 292 3840 amiserat,
331 3770 443 3828 tamen
482 3764 682 3849 magistratu
715 3785 752 3827 se
789 3761 966 3838 abdicavit,
1002 3770 1051 3838 ut,
1090 3784 1176 3847 quae

128 3868 247 3955 religio
263 3866 302 3933 C.
319 3867 436 3945 Mari0,
453 3866 637 3932 clarissimo
653 3868 737 3943 viro,
753 3888 822 3929 non
837 3865 959 3942 fuerat,
976 3887 1045 3950 quo
1065 3866 1176 3929 miuus
