2800 4367
516 342 596 396 cae.
622 345 678 408 r-n,
703 341 718 407 ς
741 343 829 399 n-m.
1229 336 1250 406 9
1297 305 1303 313 ’

146 514 270 603 grasti3
295 538 393 603 quem
418 524 457 581 tu
473 515 632 582 videlicet
654 524 688 581 et
712 514 755 581 ad
776 514 1035 581 custodiendum
1059 517 1199 606 diligen-

147 622 313 685 tissimum
330 620 423 685 etad
445 618 683 705 suspicandum
709 620 961 706 sagacissimum
982 628 1018 685 et
1033 620 1076 685 ad
1091 624 1198 688 vindi·

146 724 291 788 candum
322 725 542 789 fortissimum
573 723 644 789 fore
676 724 813 808 putasti.
869 722 933 788 Sed
966 746 1067 810 quam
1097 727 1196 815 longe

147 827 283 893 videtur
304 851 324 893 a
349 850 476 893 carcere
495 835 604 913 atque
633 850 653 891 a
675 828 821 892 vinculis
846 827 960 893 abesse
985 828 1115 909 debere,
1138 834 1198 917 qui
1221 851 1249 895 15

146 954 182 997 se
199 934 268 1018 ipse
286 934 349 996 iam
366 933 506 1018 dignum
529 930 681 997 custodia
705 930 883 996 iudicarit!
931 932 1028 1012 Quae
1049 957 1127 999 cum
1150 938 1250 1002 itaao

146 1038 224 1114 sint,
242 1037 399 1112 Catilina,
417 1036 561 1112 dubitas,
578 1037 606 1099 si
623 1036 728 1101 ernori
743 1057 852 1120 aequo
874 1038 985 1101 animo
1007 1059 1075 1102 non
1091 1047 1195 1123 potes,

146 1141 237 1206 abire
252 1142 288 1204 in
303 1142 432 1226 aliquas
456 1149 559 1206 terras
582 1148 618 1204 et
633 1141 736 1205 vitam
763 1141 862 1204 istam
885 1142 1001 1206 multis
1024 1145 1197 1229 suppliciis

148 1244 245 1309 iustis
262 1244 451 1329 debitisque
468 1251 614 1330 ereptam
632 1242 735 1330 fugae
752 1243 996 1330 solitudinique
1015 1247 1197 1313 mandare?

193 1347 336 1423 ‘Helen'
369 1348 491 1433 inquis,
531 1346 592 1411 ‘ad
623 1349 816 1423 senatum’3
857 1347 892 1412 id
922 1351 1012 1414 enirn
1044 1353 1194 1435 postulas
1218 1368 1249 1413 ao

147 1460 193 1528 et,
216 1454 244 1516 si
267 1452 321 1517 hic
352 1452 433 1516 crdo
464 1453 593 1538 placere
625 1452 813 1518 decreverit
843 1461 876 1518 te
908 1455 955 1519 ire
982 1456 1017 1518 in
1041 1457 1191 1533 exilium,

147 1563 455 1640 optemperaturum
478 1564 510 1621 te
535 1578 606 1621 esse
633 1555 727 1621 dicis.
774 1556 851 1620 Non
875 1556 1028 1635 referam,
1045 1558 1090 1622 id·
1105 1560 1197 1644 quod

147 1659 302 1725 abhorret
328 1681 347 1723 a
374 1661 455 1724 meis
484 1660 640 1737 moribus,
673 1668 708 1725 et
735 1669 848 1726 tamen
875 1660 1005 1738 faciam,
1035 1671 1074 1727 ut
1101 1665 1197 1729 intel·

147 1764 249 1849 legas,
286 1763 370 1849 quid
403 1764 438 1827 hi
472 1764 514 1829 de
545 1772 578 1829 te
615 1766 774 1829 sentiant.
821 1765 988 1852 Egredere
1025 1789 1067 1832 ex
1104 1769 1195 1846 urbe,

147 1867 304 1944 Catilina,
336 1868 440 1933 libera
478 1890 547 1933 rem
579 1869 748 1955 publicam
786 1879 889 1946 metu,
920 1872 955 1933 in
987 1872 1136 1956 exilium,
1165 1874 1194 1936 si
1218 1890 1248 1935 25

147 1971 232 2036 hanc
249 1994 365 2038 vocem
382 1980 549 2057 expectas,
566 1973 783 2058 proficiscere.
831 1974 924 2054 Quid
946 1983 1007 2051 est,
1025 1974 1195 2039 Catilina?

147 2076 270 2161 ecquid
285 2076 442 2152 attendis,
459 2076 583 2161 ecquid
606 2077 845 2143 animadvertis
861 2078 982 2142 horum
997 2080 1194 2143 silentium?

148 2179 340 2256 Patiuntur,
372 2188 494 2245 tacent.
557 2180 650 2260 Quid
681 2189 838 2267 expectas
877 2184 1114 2247 anctoritatem
1151 2184 1196 2248 lc

147 2286 334 2370 quentium,
365 2306 509 2369 quorum
541 2286 751 2350 voluntatem
791 2288 968 2351 tacitorum
1010 2290 1196 2373 perspicis?
1217 2306 1248 2349 29

148 2390 199 2453 At
220 2390 249 2453 si
272 2389 334 2453 hcc
357 2388 446 2454 idem
473 2389 550 2453 huic
577 2389 786 2456 adulescenti
812 2392 947 2475 optimo,
970 2392 1008 2455 P.
1031 2391 1149 2469 Sestio,
1166 2394 1195 2457 si
1206 2396 1244 2464 al

147 2494 328 2561 fortissimo
345 2497 426 2572 vire,
454 2494 501 2557 M.
520 2494 690 2571 Marcelle,
721 2493 890 2571 dixissem,
919 2497 984 2559 iam
1012 2496 1095 2559 mihi
1121 2518 1196 2560 con·

146 2602 213 2665 suli
243 2600 305 2666 hoc
335 2603 408 2686 ipso
435 2600 470 2663 in
498 2599 624 2683 templo
652 2600 724 2664 iure
749 2601 877 2683 optimo
903 2607 1041 2664 senatus
1067 2601 1137 2665 vim
1161 2609 1196 2666 et

147 2727 266 2771 manus
296 2706 477 2771 intulisset.
525 2704 576 2770 De
609 2711 642 2769 te
673 2711 795 2779 autem,
824 2703 980 2779 Catilina,
1005 2725 1082 2768 cum
1105 2706 1196 2789 quie·

147 2817 256 2885 scunt,
281 2810 431 2895 probant,
449 2831 525 2874 cum
548 2810 736 2893 patiuntur,
753 2807 949 2885 decernunt,
970 2830 1045 2872 cum
1071 2816 1193 2885 tacent,

147 2913 302 2991 clamant,
328 2936 439 2999 neque
466 2912 501 2976 hi
527 2914 647 2989 solum,
675 2933 820 2997 quorum
844 2911 904 2976 tibi
932 2913 1112 2977 auctoritas
1143 2920 1195 2977 est
1216 2929 1246 2974 at

148 3016 306 3081 videlicet
336 3039 421 3093 cara,
453 3018 523 3083 vita
555 3017 726 3092 vilissima,
759 3015 818 3080 sed
851 3016 951 3079 etiam
982 3015 1033 3079 illi
1063 3018 1194 3101 equites

148 3122 299 3197 Romani,
335 3122 561 3186 honestissimi
602 3129 704 3207 atque
745 3120 862 3204 optimi
905 3120 979 3195 viri,
1020 3121 1193 3204 ceterique

148 3223 322 3289 fortissimi
363 3228 463 3301 civeS,
495 3227 554 3310 qui
595 3226 814 3289 circumstant
855 3232 1020 3298 senatum,
1052 3246 1195 3308 quorum

147 3336 187 3393 tu
224 3338 260 3394 et
296 3329 521 3415 frequentiam
559 3328 672 3393 videre
712 3337 747 3393 et
783 3328 898 3393 studia
936 3328 1122 3412 perspicere
1161 3336 1196 3392 et

148 3455 246 3497 voces
283 3436 384 3518 paulo
415 3444 494 3498 ante
533 3434 692 3499 exaudire
726 3434 878 3518 potuisti.
937 3432 1090 3512 Quorum
1132 3454 1194 3520 ego
1217 3449 1247 3493 40

147 3538 205 3602 vix
244 3538 301 3603 abs
328 3547 361 3603 te
395 3540 461 3603 iam
500 3538 559 3603 diu
596 3560 715 3602 manus
752 3560 790 3602 ac
828 3538 895 3603 tela
927 3538 1093 3613 contines,
1127 3559 1196 3601 eos-

147 3640 223 3706 dem
236 3641 334 3708 facile
344 3642 518 3718 adducam,
530 3652 569 3706 nt
581 3651 614 3707 tc
632 3643 724 3718 haec,
739 3664 824 3727 quae
838 3650 968 3706 vastare
985 3642 1050 3705 iam
1066 3639 1195 3725 pridem

146 3745 273 3823 studea,
290 3748 537 3832 relinquentem
554 3768 661 3831 usque
678 3746 721 3810 ad
738 3754 849 3831 portas
867 3754 1124 3831 prosequantur.

96 3914 104 3935 ‚
191 3868 242 3913 lx.
268 3850 482 3936 Quamquam
504 3850 588 3936 quid
610 3850 752 3935 loquor?
777 3858 810 3914 te
827 3859 866 3913 ut
882 3850 952 3913 ulla
976 3872 1027 3913 res
1049 3849 1246 3934 frangat,22
