2800 4367
222 315 286 378 192
569 329 640 378 rao
664 330 693 378 1.
718 328 845 378 sasrro
868 327 1016 377 onarro.

273 521 359 584 quos
374 508 516 588 egestas,
533 523 618 586 quos
645 502 729 565 aeris
745 502 845 566 alieni
862 500 1070 587 magnitudo,
1088 522 1170 586 quos
1185 501 1297 578 levitas,
1364 535 1365 550 ,

220 607 358 690 39quos
381 605 565 690 inprobitas
590 605 725 670 tribuno
748 606 793 690 pl.
817 606 1015 671 constrictos
1039 604 1227 681 addixerat3
1246 628 1298 670 neo
1364 629 1365 692 }

274 709 355 773 mihi
370 717 442 774 erat
457 732 508 774 res
524 732 601 774 cum
625 709 818 786 Saturnino,
835 711 894 796 qui
920 708 1012 794 quod
1038 731 1057 773 a
1082 732 1118 774 se
1143 715 1300 794 quaestore
1364 735 1365 775 1

275 813 424 878 Ostiensi
454 836 513 898 per
542 815 760 900 ignominiam
791 813 834 878 ad
856 813 1040 898 principem
1068 821 1104 878 et
1125 821 1250 877 senatus
1272 821 1303 877 et

222 932 251 977 1⁰
271 916 429 994 civitatis,
447 918 494 981 M.
511 916 683 994 Scaurum,
701 939 770 982 rem
786 916 1040 982 frumentariam
1064 917 1212 981 tralatam
1234 917 1305 980 soie·
1364 951 1365 956 1

273 1019 339 1096 bat,
356 1020 503 1086 dolorem
525 1043 625 1086 suum
641 1042 763 1107 magna
778 1022 992 1086 contentione
1018 1021 1121 1084 animi
1145 1041 1306 1105 perseque-

272 1123 379 1200 batur,
389 1123 449 1190 sed
458 1146 535 1190 cum
546 1145 736 1189 scurrarum
746 1124 967 1210 locupletium
978 1132 1099 1200 scorto,
1112 1145 1187 1188 cum
1197 1125 1306 1188 sororis

273 1227 435 1305 adultero,
452 1251 529 1293 cum
548 1236 742 1313 stuprorum
767 1228 948 1306 sacerdote,
966 1251 1043 1293 cum
1067 1228 1222 1303 veneficO,
1238 1249 1308 1291 curn
1364 1303 1365 1307 Ἰ

273 1333 532 1409 testamentario,
543 1354 621 1398 oum
631 1333 761 1409 sicario,
772 1353 849 1397 oum
861 1333 989 1398 latrone
1000 1357 1008 1408 ;
1021 1355 1107 1418 quos
1118 1332 1261 1396 homines
1273 1332 1308 1406 si,
1364 1407 1365 1414 ἵ

221 1451 249 1496 15
271 1435 306 1499 id
321 1435 414 1520 quod
429 1435 526 1501 facile
543 1435 636 1500 iactu
653 1435 730 1513 fuit,
747 1443 782 1501 et
797 1437 890 1521 quod
916 1437 986 1500 fieri
1014 1436 1142 1513 debuit,
1160 1434 1309 1521 quodque
1364 1483 1365 1521 5

272 1562 292 1603 a
307 1561 360 1604 me
377 1541 493 1624 optimi
510 1548 545 1604 et
560 1539 735 1605 fortissimi
759 1540 849 1605 cives
873 1539 1081 1628 flagitabant,
1099 1541 1133 1605 vi
1150 1541 1310 1622 armisque
1364 1589 1365 1592 η

271 1664 490 1729 superassem,
507 1665 574 1707 non
595 1644 742 1721 verebar,
759 1667 800 1710 ue
827 1646 904 1730 quis
933 1653 993 1709 aut
1009 1646 1078 1709 vim
1094 1645 1128 1710 vi
1145 1644 1311 1728 depulsam
1364 1719 1365 1732 χ

273 1748 530 1833 reprehenderet
544 1755 606 1813 aut
619 1749 827 1834 perditorum
843 1750 969 1814 civium
986 1751 1039 1814 vel
1064 1750 1176 1834 potius
1193 1747 1313 1812 domes·
1364 1800 1365 1838 3

273 1853 413 1916 ticorum
430 1853 576 1918 hostium
594 1861 736 1918 mortem
752 1862 923 1918 maereret.
970 1853 1037 1918 Sed
1053 1875 1104 1918 me
1129 1854 1189 1916 illa
1211 1874 1313 1916 move·

219 1970 249 2015 ao
271 1964 367 2020 runt:
402 1956 567 2022 Omnibus
592 1959 626 2021 in
651 1957 863 2022 contionibus
889 1959 947 2022 illa
972 1957 1060 2022 iuria
1087 1957 1251 2022 clamabat
1272 1979 1313 2030 se,
1364 2011 1365 2014 ,

272 2082 357 2145 quae
381 2060 507 2127 iaceret
528 2069 646 2127 contra
666 2062 810 2126 salutern
833 2082 950 2138 meam,
967 2061 1075 2126 iacere
1099 2067 1234 2125 auctore
1257 2060 1313 2124 Cn.

272 2165 442 2250 Pompeio,
468 2167 650 2231 clarissimo
677 2167 750 2231 viro
776 2166 925 2252 mihique
957 2173 991 2230 et
1018 2187 1107 2230 nunc
1138 2172 1183 2241 et,
1209 2163 1315 2249 quoad

273 2269 378 2345 licuit,
405 2271 626 2336 amicissum0.
672 2270 720 2334 M.
747 2270 896 2346 Crassus
923 2291 1070 2354 quocum
1087 2255 1180 2332 'mihi
1204 2289 1315 2332 omnes

272 2384 368 2438 erant
382 2376 546 2439 amicitiae
563 2375 837 2450 necessitudines,
853 2376 905 2439 vir·
917 2374 1131 2449 fortissimus,
1146 2373 1188 2437 ab
1204 2373 1316 2437 eadem

219 2496 249 2539 as
270 2479 328 2542 illa
344 2487 437 2563 peste
454 2479 690 2544 infestissimus
704 2501 774 2544 esse
791 2479 872 2543 meis
887 2477 1031 2543 fortunis
1045 2477 1316 2562 praedicabatur;
1364 2462 1365 2465 ¹

273 2584 311 2646 C.
328 2584 460 2660 Caesar,
476 2584 535 2668 qui
551 2605 570 2648 a
586 2605 638 2648 me
655 2583 751 2646 nullo
769 2604 842 2648 meo
855 2584 973 2647 merito
989 2583 1119 2647 alienus
1136 2604 1207 2647 esse
1225 2581 1318 2647 debe·
1364 2665 1365 2672 ἵ

272 2687 339 2763 bat,
356 2688 604 2752 inimicissimus
621 2709 692 2751 esse
709 2709 800 2752 meae
817 2687 919 2751 saluti
934 2685 976 2750 ab
999 2685 1117 2750 ecdem
1142 2685 1316 2750 cotidianis
1364 2743 1365 2746 ,

220 2794 260 2856 40
271 2792 482 2856 contionibus
498 2791 679 2856 dicebatur.
728 2791 792 2855 His
809 2813 843 2855 sc
861 2789 968 2854 tribus
985 2789 1178 2854 auctoribus
1195 2791 1230 2852 in
1248 2811 1318 2854 con·

271 2897 355 2960 siliis
371 2895 551 2981 capiendis,
567 2894 777 2960 adiutoribus
795 2896 829 2957 in
848 2917 882 2959 re
908 2893 1059 2980 gerenda‘
1080 2915 1152 2958 esse
1181 2909 1317 2958 usurum
1364 2961 1365 2968 χ

220 3014 250 3059 3ο
272 2998 419 3074 dicebat;
452 3022 494 3063 ex
519 2998 642 3083 quibus
669 3020 774 3060 unum
801 2997 920 3062 habere
948 2997 1135 3061 exercitum
1161 2997 1197 3059 in
1223 2997 1318 3060 Italia
1364 2975 1365 2992 ¹

273 3104 465 3178 maximum,
478 3102 555 3179 duo,
573 3103 632 3186 qui
654 3103 776 3186 privati
802 3112 874 3166 tum
901 3109 1023 3178 essent,
1040 3108 1076 3166 11
1100 3101 1225 3166 Romae
1251 3121 1317 3166 esse

273 3213 308 3270 11
330 3227 456 3290 parare,
480 3207 507 3270 si
532 3207 669 3284 vellent,
698 3207 885 3272 exercitum
912 3228 1009 3290 posse
1038 3205 1140 3290 idque
1172 3205 1317 3269 facturos

273 3328 345 3371 esse
361 3305 502 3371 dicebat.
549 3306 618 3371 Nec
635 3308 717 3382 mihi
733 3309 789 3372 ille
809 3305 973 3370 iudicium
989 3306 1106 3391 populi
1127 3326 1189 3370 nec
1213 3305 1318 3392 legiti-

273 3430 360 3471 mam
391 3409 537 3493 aliquam
568 3410 818 3474 contentionem
848 3431 908 3472 neo
947 3407 1223 3492 disceptationem
1262 3413 1318 3470 aut

221 3527 250 3572 35
272 3534 389 3595 causae
405 3513 594 3590 dictionem,
610 3513 669 3577 sed
685 3514 764 3591 vim,
781 3535 882 3590 arma,
899 3513 1077 3588 exercitus,
1094 3512 1316 3596 imperatores,

274 3625 381 3682 castra
403 3616 633 3681 denuntiabat.
680 3635 787 3682 xvrrr.
810 3616 903 3697 Quid
926 3616 1031 3702 ergo?
1054 3617 1180 3681 inimici
1205 3616 1315 3689 oratio,

273 3714 665 3806 vanap1·aesertim,'tam
690 3721 836 3806 improbe
853 3722 889 3784 in
913 3721 1114 3786 clarissimos
1133 3722 1221 3786 viros
1247 3741 1316 3784 con-

274 3827 361 3894 iecta
375 3848 428 3893 me
443 3825 573 3891 movit?
621 3824 677 3890 Me
694 3847 773 3891 vero
791 3846 857 3890 non
881 3826 972 3893 illius
997 3825 1113 3902 oratio,
1130 3825 1190 3893 sed
1206 3843 1315 3894 eorum
