2800 4367
500 345 579 396 cnr.
604 347 692 408 aas,
717 347 731 408 s
754 345 872 398 rra-140.
1183 335 1247 399 243

113 522 442 604 P¹⁰P¹¹g¹¹²i⁰r0ma
457 521 613 594 actorem,
630 537 746 593 reum3
771 516 869 584 video
892 518 982 583 hunc
1006 526 1193 604 praetexta.

26 620 28 701 l
115 630 202 685 turn
239 621 324 686 eius
355 620 464 686 filium
493 620 599 686 oculis
629 620 881 688 lacrimantibus
905 644 957 687 me
981 623 1192 701 intuentem3

26 750 27 777 2
117 725 234 790 video
249 725 299 788 Τ.
311 723 487 802 Milonem,
500 724 669 792 vindicem
682 733 813 790 vestrae
830 725 1004 804 libertatis,
1018 728 1192 796 custodem

26 870 27 875 κ
117 831 259 895 salutis
277 851 387 908 meae,
402 828 592 894 subsidium
607 827 763 894 adflictae
780 831 827 894 rei
851 830 1014 916 publicae,
1031 834 1193 898 extincto-

26 930 27 979 t
118 957 202 1000 rem
219 934 408 1000 domestici
424 934 600 1012 latrocinii,
617 955 838 1024 repressorem
861 934 971 1000 caedis
996 936 1193 1015 cotidianae,
1218 954 1247 1000 ιο

26 1022 27 1091 l
120 1039 358 1105 defensorem
396 1039 597 1125 templorum
636 1046 739 1124 atque
780 1045 955 1117 tectorum,
989 1041 1192 1126 praesidium

26 1130 27 1187 Ῑ
121 1145 263 1220 curiae,
281 1141 493 1208 sordidatum
510 1151 546 1208 et
561 1164 676 1218 renm3
705 1141 803 1209 video
827 1142 865 1206 P.
884 1143 1079 1224 Lentulum,
1095 1147 1191 1212 cuius

122 1270 194 1334 ego
231 1255 368 1333 patrem
397 1246 499 1312 deum
537 1269 576 1312 ac
615 1253 786 1333 parentem
824 1253 938 1312 statuo
968 1248 1124 1314 fortunae
1154 1271 1192 1315 ac

26 1332 27 1381 i
122 1353 290 1417 nominis
320 1351 387 1416 mei
417 1358 453 1416 et
482 1350 595 1416 fratris
627 1350 876 1437 liberorumque
916 1359 1117 1430 nostrorum,
1156 1355 1191 1417 in

123 1457 195 1521 hoc
228 1456 357 1521 misero
378 1456 533 1541 squalore
558 1462 593 1520 et
618 1454 794 1532 sordibus3
819 1457 875 1521 cui
907 1458 1059 1542 superior
1085 1474 1245 1522 annosus

123 1561 228 1626 idem
262 1568 300 1625 et
330 1560 461 1625 virilem
490 1560 595 1645 patris
625 1566 661 1625 et
690 1567 901 1645 praetextam
926 1562 1043 1647 populi
1067 1561 1191 1626 iudicio

124 1673 255 1752 togam
281 1663 422 1740 dederit,
447 1663 535 1728 hunc
559 1663 622 1728 hoc
645 1685 733 1728 anno
758 1665 793 1728 in
816 1665 878 1730 bac
904 1674 983 1752 toga
1009 1666 1192 1753 rogationis

125 1769 380 1834 iniustissimae
396 1767 541 1834 subitam
566 1767 781 1834 acerbitatem
806 1792 866 1854 pro
890 1776 984 1856 patre
1007 1770 1191 1836 fortissimo

127 1883 167 1938 et
201 1873 392 1938 clarissimo
422 1872 495 1939 cive
527 1871 774 1957 deprecantem.
837 1873 950 1959 Atque
981 1875 1035 1940 hic
1067 1881 1119 1940 tot
1156 1883 1192 1941 et
1208 1880 1263 1941 145

127 1979 263 2043 talium
279 1978 405 2042 civium
419 1977 567 2062 squalor,
584 1977 638 2042 hie
657 1977 781 2054 luctus,
798 1978 860 2042 hae
876 1976 991 2042 sordes
1015 1987 1191 2065 susceptae
1214 1996 1244 2060 250

127 2091 222 2148 sunt
252 2090 390 2167 propter
418 2104 525 2147 unum
556 2104 619 2160 me,
651 2083 733 2168 quia
763 2105 815 2148 me
846 2082 1082 2172 delenderunt,
1107 2086 1188 2170 quia

128 2209 255 2252 meum
281 2209 396 2252 casum
422 2187 621 2272 luctumque
649 2186 843 2264 doluerunt,
868 2188 947 2272 qnia
974 2209 1026 2252 me
1057 2188 1189 2274 lugenti

128 2292 281 2377 patriae,
296 2290 464 2379 flagitanti
491 2292 636 2368 senatui,
652 2292 805 2376 poscenti
829 2291 957 2367 Italiae,
974 2291 1068 2356 vobis
1088 2295 1190 2356 omni-

128 2397 203 2461 bus
231 2396 404 2462 orantibus
431 2396 662 2462 reddiderunt.
711 2393 812 2474 Quod
840 2402 974 2460 tantum
1001 2403 1052 2460 est
1077 2397 1187 2462 inme

129 2500 277 2565 scelus?
300 2499 384 2585 quid
406 2507 502 2566 tanto
528 2523 626 2586 opere
651 2499 780 2585 deliqui
807 2500 865 2564 illo
890 2499 955 2576 die,
972 2522 1048 2565 cum
1071 2501 1189 2566 advos
1212 2517 1241 2563 aa

129 2604 275 2681 indicia,
303 2605 443 2681 litteras,
472 2605 699 2671 confessiones
728 2605 913 2670 eommunis
941 2606 1037 2670 exitii
1067 2604 1185 2682 detuli,

129 2731 217 2774 cum
233 2711 329 2794 parui
345 2710 466 2775 vobis?
510 2710 562 2775 Ac
578 2710 607 2774 si
626 2711 806 2774 scelestum
827 2717 880 2775 est
901 2730 1011 2774 amare
1034 2711 1185 2795 patriam,

130 2813 266 2898 pertuli
296 2835 477 2899 poenarum
508 2815 610 2890 satis;
642 2835 758 2879 eversa
789 2813 908 2878 domus
938 2821 1000 2889 est,
1031 2813 1185 2878 fortunae

130 2924 291 2993 vexatae,
317 2917 469 3003 dissipati
498 2918 604 2996 liberi,
619 2925 763 3005 ‚raptata
782 2920 940 2994 coniunx,
965 2917 1069 2982 frater
1091 2925 1186 3004 optu-

130 3043 224 3098 mus,
256 3021 442 3087 incredibili
476 3024 612 3107 pietate,
648 3044 759 3088 amore
791 3022 944 3087 inaudito
975 3023 1121 3088 maximo
1151 3023 1186 3086 in
1209 3039 1239 3084 ao

129 3125 294 3210 squalore
311 3125 486 3191 volutatus
503 3135 557 3192 est
579 3127 624 3191 ad
645 3126 747 3212 pedes
772 3127 1098 3220 inimicissimorum
1122 3149 1185 3214 ego
1254 3161 1259 3171 ·

130 3229 258 3313 pulsus
288 3231 364 3307 aris,
396 3230 491 3307 focis,
523 3231 594 3296 deis
625 3231 813 3317 penatibus,
844 3231 1025 3296 distractus
1056 3253 1075 3295 a
1102 3233 1183 3297 meis

130 3334 232 3396 carui
242 3334 359 3417 patria,
373 3357 485 3420 quam,
498 3341 539 3399 ut
549 3336 719 3401 levissime
731 3335 851 3413 dicam,
865 3358 1001 3422 corpore
1014 3344 1163 3402 texeram
1175 3363 1183 3414 ;

129 3437 262 3522 pertuli
296 3437 531 3505 crudelitatem
571 3440 793 3518 inimicorum,
834 3442 944 3506 scelus
983 3441 1180 3521 infidelium,

129 3540 291 3605 fraudem
308 3542 511 3608 invidorum.
557 3542 592 3608 Si
616 3545 678 3609 hoc
705 3566 773 3609 non
797 3551 850 3610 est
871 3546 963 3622 satis,
981 3545 1074 3630 quod
1101 3546 1182 3612 haec
1200 3552 1256 3614 146

130 3647 250 3709 omnia
265 3645 377 3714 deleta
392 3649 553 3714 videntur
568 3649 681 3714 reditu
705 3672 789 3726 mec,
815 3651 923 3715 multo
947 3652 1040 3729 mihi,
1065 3653 1183 3730 multo,
1207 3665 1236 3710 as

130 3750 286 3835 inquam,
317 3752 456 3829 iudices,
486 3760 635 3837 praestat
664 3755 699 3817 in
738 3754 878 3818 eandem
909 3754 1001 3821 illam
1032 3756 1179 3821 recidere

129 3851 309 3918 fortunam
340 3878 441 3942 quam
472 3864 600 3921 tantam
632 3858 799 3944 inportare
831 3859 913 3925 meis
948 3857 1181 3925 defensoribus
