2800 4367
520 363 600 413 oar.
628 363 681 425 1-1‚
706 364 720 424 s
743 362 798 413 a-r.
1181 348 1221 414 17

120 539 241 603 onibus
264 545 299 603 et
318 536 381 600 hoc
398 535 535 612 dilectu,
553 555 655 619 quem
676 535 711 597 in
735 555 815 620 agro
832 532 957 598 Piceno
980 539 1015 598 et
1039 532 1170 598 Gallico

121 641 163 721 Q.
188 640 349 706 Metellus
372 639 499 716 habuit,
517 647 552 704 et
575 638 626 702 his
650 638 766 724 copiis,
784 658 869 722 quae
892 658 912 701 a
934 635 1029 701 nobis
1048 631 1171 703 cotidie

120 752 366 831 comparantur,
384 766 505 830 magno
529 765 626 828 opere
650 748 829 807 contemno
845 740 1025 807 collectum
1041 762 1083 806 ex
1099 762 1172 806 sen·

121 850 196 915 ibus
220 849 415 935 desperatis,
434 870 475 914 ex
499 848 624 934 agresti
641 848 787 922 luxuria,
804 868 846 910 ex
862 845 997 910 rusticis
1022 845 1200 911 decoctos

122 954 222 1032 ribus,
247 976 289 1020 ex
313 955 363 1030 iia,
388 954 448 1039 qui
472 952 662 1018 vadimonia
686 951 836 1016 deserere
864 972 966 1036 quam
992 950 1090 1014 illum
1117 972 1172 1015 ex·

116 1060 264 1133 ¹ercitum
291 1060 501 1133 maluerunt;
534 1056 656 1141 quibus
687 1078 749 1143 ego
780 1077 848 1120 non
880 1054 978 1119 modo
1007 1055 1037 1119 si
1067 1055 1172 1119 aciem

122 1164 288 1228 exercitus
305 1163 421 1239 nostri,
436 1183 553 1227 verum
569 1162 670 1225 etiam
687 1161 716 1224 si
728 1159 877 1225 edictum
890 1160 1051 1245 praetoris
1065 1166 1172 1225 osten·

123 1267 211 1345 dere,
229 1266 416 1331 concident.
463 1265 545 1341 Hos,
563 1286 647 1351 quos
665 1264 762 1329 video
778 1264 917 1328 volitare
934 1264 969 1326 in
985 1263 1068 1340 foro,
1085 1285 1170 1347 quos

121 1358 213 1437 stare
237 1370 280 1443 ad
307 1372 444 1447 curiam,
473 1391 557 1455 quos
586 1370 686 1433 etiam
714 1369 749 1431 in
775 1374 931 1432 senatum
958 1368 1083 1444 venire,
1111 1369 1171 1452 qui
1195 1384 1224 1428 10

122 1478 232 1540 nitent
256 1475 447 1561 unguentis,
473 1475 532 1559 qui
556 1472 692 1559 fulgent
715 1494 873 1557 purpura,
897 1472 1028 1536 mallem
1056 1492 1170 1537 secum

122 1602 200 1645 suos
218 1580 341 1644 milites
354 1578 526 1644 edur'risset
539 1603 547 1654 ;
572 1578 671 1663 quisi
684 1578 738 1641 hic
751 1583 956 1661 permanent,
970 1582 1171 1641 mementote

122 1706 189 1749 non
220 1691 289 1748 tarn
320 1684 506 1749 exercitum
536 1683 633 1746 illum
660 1703 730 1746 esse
757 1680 852 1745 nobis
883 1702 984 1766 quam
1014 1679 1084 1757 hos,
1112 1682 1172 1765 qui

122 1790 308 1853 exercitum
331 1787 573 1863 deseruerunt,
604 1784 897 1871 pertimescendos.
957 1785 1075 1870 Atque
1109 1785 1170 1850 hoc

122 1894 222 1959 etiam
239 1899 320 1957 sunt
336 1891 476 1957 timendi
492 1892 608 1977 magis,
625 1890 727 1975 quod,
744 1889 827 1975 quid
844 1891 1003 1975 cogitent,
1020 1911 1071 1952 me
1087 1890 1170 1954 seire
1195 1906 1223 1950 15

122 1999 275 2063 sentiunt
306 2019 414 2081 neque
447 2004 559 2060 tamen
591 2001 841 2080 permoventur.
897 1993 1016 2069 Viden,
1043 1994 1098 2058 cui
1128 1994 1208 2059 sit6

123 2103 249 2188 Apulia
273 2103 453 2178 adtributa,
479 2103 555 2188 quis
586 2101 709 2165 habeat
740 2100 920 2176 Etruriam,
947 2100 1023 2185 quis
1053 2120 1171 2185 agrum

123 2207 294 2283 Picenum,
312 2209 388 2294 quis
406 2206 584 2283 Gallicum,
603 2207 680 2291 quis
696 2205 760 2270 sibi
783 2206 843 2269 has
867 2204 1010 2269 urbanas
1033 2203 1171 2269 insidias

122 2312 232 2377 caedis
260 2320 361 2397 atquc
387 2312 617 2377 incendiorum
642 2310 883 2395 depoposcerit.
931 2309 1054 2374 Omnia
1076 2330 1184 2393 supe-¹

122 2417 216 2480 rioris
233 2417 339 2481 noctis
356 2416 496 2481 consilia
512 2416 554 2479 ad
571 2438 622 2481 me
639 2416 769 2500 perlata
790 2436 862 2480 csse
885 2415 1059 2488 sentiunt3
1083 2422 1172 2498 pate-
1193 2428 1223 2473 ao

122 2520 186 2585 feci
209 2522 244 2583 in
269 2528 388 2586 senatu
416 2521 573 2585 hesterno
605 2520 678 2595 die;
713 2518 860 2583 Catilina
883 2520 955 2605 ipse
986 2519 1169 2604 pertimuit,

120 2624 294 2710 profugit3
333 2623 367 2687 hi
407 2624 490 2709 quid
526 2623 732 2709 expectant?
779 2623 830 2688 Ne
866 2623 917 2687 illi
955 2623 1172 2688 vehementer

121 2735 243 2804 errant,
267 2729 296 2792 si
324 2727 416 2791 illam
443 2750 549 2793 meam
573 2729 749 2814 pristinam
773 2727 947 2792 lenitatem
974 2734 1171 2817 perpetuam

120 2838 257 2916 sperant
272 2830 431 2896 futuram.

165 2954 213 3001 Ν.
240 2935 342 3015 Quod
358 2943 545 3021 expostam,
556 2936 622 2999 iam
637 2957 714 3001 sum
729 2935 921 3013 adsecutus,
933 2943 1042 3002 utvos
1055 2958 1170 3001 onmes

121 3039 244 3105 factam
265 3062 336 3105 esse
358 3048 472 3125 aperte
493 3041 758 3105 coniurationem
777 3048 893 3105 contra
910 3062 980 3105 rem
1001 3040 1170 3125 publicam

121 3142 299 3220 videretis3
328 3145 392 3209 nisi
418 3166 497 3210 vero
527 3146 556 3209 si
586 3146 662 3229 quis
685 3152 746 3221 est,
778 3146 838 3230 qui
863 3144 1026 3209 Catilinae
1051 3144 1170 3209 similis

121 3270 198 3313 cum
224 3248 371 3313 Catilina
392 3250 516 3314 sentire
539 3270 606 3312 non
626 3256 734 3334 putet.
781 3248 857 3313 Non
877 3256 929 3314 est
952 3250 1017 3313 iam
1037 3249 1170 3314 lenitati

108 3338 235 3429 'locus3
252 3354 465 3418 severitatem
481 3375 533 3417 res
550 3354 621 3438 ipsa
635 3352 777 3440 flagitat.
824 3353 939 3419 Unum
956 3355 1057 3418 etiam
1080 3375 1170 3417 nunc
1193 3368 1208 3413 s

121 3457 320 3522 concedam:
353 3465 485 3533 exeant,
518 3458 780 3541 proficiscantur,
813 3480 854 3523 ne
885 3459 1058 3543 patiantur
1087 3456 1171 3522 desi·

121 3561 212 3627 derio
235 3563 288 3625 sui
316 3561 497 3625 Catilinam
517 3562 675 3626 miserum
698 3561 877 3627 tabescere.
925 3561 1169 3626 Demonstrabo

121 3667 206 3731 iter:
240 3665 381 3731 Aurelia
408 3667 463 3731 via
488 3665 659 3750 proiectus
684 3673 754 3741 est3
780 3668 808 3729 si
835 3665 1018 3730 accelerare
1041 3665 1168 3741 volent,

121 3770 163 3833 ad
190 3791 361 3855 vesperam
387 3777 646 3854 consequentur.
700 3755 735 3834 '0
763 3769 968 3834 fortunatam
993 3792 1063 3833 rem
1090 3770 1205 3855 pub-7

120 3874 228 3955 licam,
254 3875 282 3938 si
307 3872 443 3969 quidem
471 3874 555 3943 hanc
587 3875 753 3945 sentinam
776 3874 867 3945 urbis
890 3872 1044 3945 eiecerit!
1091 3873 1169 3944 Uno
1193 3889 1220 3939 10
