2800 4367
169 331 189 400 8
438 344 578 399 onrno
602 342 642 397 nr
665 342 879 399 carnium
901 344 1030 399 carun.

167 532 197 578 2⁰
218 521 341 586 etiam
363 518 422 583 diu
445 520 507 584 tibi
529 519 689 595 debitum,
710 519 854 596 dubitas,
877 542 1021 607 quorum
1045 528 1173 586 mentes
1194 540 1288 584 sen·

218 645 344 710 susque
369 625 534 700 volueras,
560 646 675 688 eorum
701 634 875 709 aspectum
902 627 1194 711 praesentiamque
1223 624 1288 689 vi·

218 729 315 794 tare?
348 727 383 793 Si
400 737 433 793 te
449 736 604 813 parentes
621 728 779 793 timerent
794 737 898 814 atque
915 728 1066 794 odissent
1080 730 1132 794 tui
1155 750 1283 814 neque

218 855 274 899 eos
299 833 370 897 ulla
394 833 521 896 ratione
546 832 677 917 placare
705 854 830 917 posses,
859 841 898 898 ut
926 834 1054 919 opinor,
1080 832 1123 898 ab
1152 854 1284 899 eorum

219 937 324 1002 oculis
351 938 465 1021 aliquo
490 928 697 1001 concederes.
744 936 775 999 N
778 959 844 1001 unc
869 945 903 1002 te
929 939 1045 1023 patria,
1070 960 1157 1022 quae
1182 959 1285 1001 com-

166 1059 196 1103 at
218 1042 329 1105 munis
352 1048 405 1105 est
428 1061 547 1125 parens
572 1041 723 1104 omnium
745 1049 907 1117 nostrum,
931 1040 1003 1106 odit
1024 1064 1063 1106 ac
1088 1041 1211 1106 metuit
1234 1048 1285 1106 et

218 1143 358 1209 iamdiu
375 1144 460 1207 nihil
476 1151 509 1209 te
526 1144 656 1209 indicat
673 1146 738 1208 nisi
754 1143 795 1210 dc
813 1144 990 1230 parricidio
1013 1167 1075 1210 suo
1098 1146 1250 1232 cogitare
1268 1169 1280 1221 3

218 1251 318 1313 huius
349 1256 388 1313 tu
418 1268 527 1333 neque
559 1250 795 1314 auctoritatem
826 1249 981 1315 verebere
1012 1272 1073 1315 nec
1104 1248 1280 1314 iudicium

169 1357 207 1419 18
217 1375 356 1438 sequere
382 1374 442 1417 nec
464 1353 534 1417 vim
557 1353 796 1437 pertimesces?
843 1353 938 1433 Quae
963 1362 1084 1430 tecum,
1109 1354 1277 1430 Catilina,

218 1460 265 1521 sic
280 1458 351 1543 agit
366 1465 402 1521 et
417 1455 563 1541 quodam
580 1454 677 1520 modo
694 1458 797 1520 tacita
819 1457 992 1542 loquitur:
1018 1456 1068 1519 ‘N
1072 1458 1177 1520 ullum
1201 1458 1276 1521 iam

167 1578 197 1622 ao
217 1562 347 1645 aliquot
366 1561 469 1623 annis.
487 1558 617 1625 facinus
641 1560 776 1623 exstitit
797 1561 860 1623 nisi
883 1583 942 1645 per
963 1568 1007 1637 te,
1024 1561 1156 1624 nullum
1178 1560 1276 1647 flagi-

218 1666 304 1729 tium
319 1664 390 1727 sine
407 1671 461 1737 te3
486 1662 547 1727 tibi
562 1664 622 1726 uni
640 1664 823 1726 multorum
839 1664 966 1729 civium
988 1686 1096 1740 neces,
1114 1662 1174 1728 tibi
1191 1686 1274 1729 vex-

218 1770 286 1833 atio
313 1766 523 1853 direptioque
549 1768 716 1832 sociorum
743 1769 898 1851 inpunita
924 1768 1054 1832 initae
1079 1768 1203 1843 libera;
1228 1776 1269 1831 tu

219 1894 285 1935 non
301 1871 410 1935 solnm
426 1870 468 1933 ad
492 1870 718 1956 neglegendas
740 1872 832 1957 leges
854 1880 889 1936 ct
910 1872 1134 1956 quaestiones,
1150 1893 1270 1936 verum

219 1978 319 2040 etiam
341 1974 384 2038 ad
406 1974 603 2039 evertendas
626 1974 949 2060 perfringendasque
972 1976 1118 2040 valuisti.
1165 1974 1270 2060 Supe-

168 2095 197 2141 35
219 2080 305 2143 riora
329 2078 397 2155 illa,
424 2099 627 2163 quamquam
655 2076 792 2142 ferenda
816 2100 882 2141 non
908 2078 1058 2156 fuerunt,
1082 2088 1204 2156 tamen,
1228 2089 1269 2145 ut

219 2184 324 2269 potui,
341 2182 405 2245 tuli
418 2206 427 2257 ;
451 2204 541 2245 nunc
558 2203 636 2247 vero
659 2204 711 2246 me
734 2190 839 2246 totam
863 2205 933 2248 esse
956 2184 992 2245 in
1016 2191 1109 2248 metu
1131 2193 1269 2269 propter

219 2310 326 2351 unum
342 2296 385 2363 tc,
397 2286 559 2372 quicquid
576 2288 788 2371 increpuerit,
802 2286 983 2350 Catilinam
1000 2288 1120 2363 timeri,
1134 2288 1266 2352 nullum

220 2393 324 2457 videri
340 2400 455 2456 contra
472 2413 523 2456 me
541 2392 717 2455 consilium
740 2392 817 2454 iniri
841 2413 946 2475 posse,
964 2391 1057 2477 qnod
1079 2413 1098 2455 a
1119 2401 1179 2456 tuo
1200 2416 1269 2459 sce

219 2500 286 2563 lere
299 2497 483 2572 abhorreat,
495 2518 561 2560 non
577 2504 629 2561 est
645 2494 829 2560 ferendum.
862 2495 972 2575 Quam
989 2496 1032 2560 ob
1047 2520 1116 2561 rem
1133 2497 1265 2564 discede

168 2620 198 2665 ro
219 2612 320 2687 atque
341 2602 431 2666 huno
449 2601 529 2664 mihi
546 2602 698 2665 timorem
715 2603 826 2685 eripe;
850 2603 878 2665 si
902 2611 1079 2677 estve1·u5‚
1097 2624 1138 2667 ne
1160 2605 1267 2688 oppri-

220 2730 299 2783 mar,
322 2707 373 2771 sin
399 2705 515 2783 falsus,
539 2714 579 2771 ut
605 2706 741 2771 tandem
764 2707 946 2791 aliquando
962 2709 1079 2773 timere
1095 2708 1266 2773 desinam?

171 2815 208 2878 19
220 2828 300 2875 vm.
339 2810 432 2875 Haec
466 2812 495 2875 si
533 2819 653 2887 tecum,
686 2813 734 2874 ita
767 2818 806 2874 ut
840 2811 921 2886 dixi,
954 2814 1061 2896 patria
1097 2812 1266 2898 loquatur,
1309 2882 1312 2886 ,

220 2938 331 2980 nonne
348 2916 522 3001 impetrare
543 2915 672 2992 debeat,
690 2915 821 2980 etiamsi
838 2918 906 2981 vim
927 2917 1082 2981 adhibere
1105 2940 1172 2981 non
1196 2940 1269 3002 pos-

220 3020 289 3084 sit?
337 3020 438 3098 Quid,
456 3020 548 3106 quod
565 3029 601 3084 tu
618 3028 651 3085 te
668 3021 738 3104 ipse
762 3021 797 3084 in
819 3020 1006 3084 custodiam
1026 3020 1158 3098 dedisti,
1176 3022 1268 3106 quod

221 3124 376 3189 vitandae
392 3126 591 3210 suspicionis
615 3146 714 3189 causa
736 3123 778 3188 ad
801 3123 859 3186 Μ’.
877 3123 1040 3210 Lepidum
1063 3134 1095 3190 te
1119 3126 1267 3190 habitare

183 3243 198 3287 5
222 3228 308 3293 velie
325 3228 468 3292 dixisti?
505 3229 538 3292 A
556 3250 623 3314 quo
640 3250 706 3292 non
723 3237 876 3312 receptus
894 3230 995 3292 etiam
1012 3229 1054 3292 ad
1078 3251 1129 3294 me
1154 3231 1267 3295 venire

221 3354 322 3396 ausus
343 3355 377 3397 es
401 3340 512 3418 atque,
533 3340 573 3395 ut
598 3332 688 3395 domi
716 3353 807 3397 meae
833 3340 866 3396 te
891 3332 1112 3408 adservarem,
1132 3334 1266 3419 rogasti.

223 3436 307 3500 Cum
322 3459 341 3500 a
357 3459 408 3501 me
426 3458 561 3523 quoque
575 3436 610 3500 id
625 3458 824 3521 responsum
840 3436 983 3511 tulisses
996 3458 1046 3499 me
1063 3435 1267 3500 nullomodo

222 3540 444 3625 posseisdem
467 3540 648 3626 parietibus
671 3548 747 3605 tuto
769 3563 840 3605 esse
863 3548 986 3616 tecum,
1008 3541 1067 3624 qui
1091 3562 1210 3627 magno
1232 3541 1267 3603 in

221 3645 369 3728 periculo
385 3667 500 3721 essem,
517 3645 609 3729 quod
630 3644 736 3709 isdem
756 3644 929 3708 moenibus
953 3645 1208 3721 contineremur,
1226 3644 1268 3707 ad

172 3763 200 3807 10
223 3747 264 3827 Q.
283 3749 458 3814 Metellum
478 3757 663 3835 praetorem
681 3749 813 3813 venisti.
861 3748 892 3810 A
917 3770 985 3831 quo
1009 3748 1203 3832 repudiatus
1225 3748 1268 3811 ad

221 3851 369 3917 sodalem
394 3861 501 3931 tuum,
527 3855 637 3919 virum
663 3861 850 3937 optumum,
877 3851 924 3915 M.
953 3851 1141 3928 Metellum,
1170 3852 1269 3915 demi·
