2800 4367
200 345 264 411 180
549 355 621 406 rao
644 357 673 405 r.
697 355 824 407 susmo
846 355 995 408 onemo.

251 531 317 594 lem
334 535 492 614 quaestor
506 525 550 590 ad
564 547 634 591 rem
649 526 829 612 gerendam
852 528 1018 603 excitarit,
1036 548 1121 612 quos
1143 528 1277 593 stimulos

250 632 439 697 admoverit
452 631 580 694 homini
595 630 748 695 studioso
764 630 904 696 fortasse
920 631 1092 708 victoriae,
1110 629 1277 697 sed'tamen

252 737 393 800 nimium
409 756 621 800 communem
637 733 781 798 Martem
798 735 877 800 belli
897 757 1084 820 casumque
1108 736 1277 801 metuenti?

201 857 229 902 ro
252 841 408 926 Longum
435 847 488 904 est
513 861 553 904 ea
578 837 782 914 diceresed
809 839 871 903 hoc
898 838 999 904 breve
1031 838 1158 904 dicam:
1190 839 1222 904 si
1242 841 1279 903 M.

252 945 366 1009 Petrei
391 965 458 1007 non
483 943 651 1009 excellens
675 943 807 1020 animus
823 950 859 1008 et
873 963 966 1007 amor
983 945 1031 1008 rei
1052 944 1211 1028 publicae,
1226 965 1282 1007 non

251 1056 422 1134 praestans
438 1049 474 1111 in
498 1069 533 1112 re
560 1047 695 1132 publica
723 1048 842 1124 virtus,
859 1069 924 1112 non
957 1069 1089 1112 summa
1120 1050 1282 1132 auctoritas

252 1153 341 1238 apud
358 1153 490 1229 milites,
505 1173 572 1216 uon
588 1151 749 1216 mirificus
765 1173 847 1216 usus
863 1153 898 1215 in
914 1174 949 1216 re
968 1153 1106 1216 militari
1122 1155 1283 1228 extitisset,

253 1257 513 1343 neque'adiutor
533 1256 565 1321 ei
588 1255 628 1318 P.
645 1254 775 1320 Sestius
799 1255 842 1319 ad
864 1256 1082 1320 excitandum
1101 1257 1284 1331 Antonium,

201 1379 231 1422 ao
252 1361 504 1437 cohortandum,
528 1359 763 1436 accusandum,
788 1359 1018 1444 inpellendum
1046 1359 1179 1438 fuisset,
1201 1361 1286 1424 datus

252 1466 311 1529 illo
328 1467 362 1527 in
378 1465 466 1528 bello
482 1472 571 1529 esset
586 1464 690 1529 hiemi
706 1465 812 1540 locus,
829 1485 940 1549 neque
963 1485 1126 1548 umquam
1143 1465 1286 1539 Catilina,

252 1591 328 1634 cum
345 1592 363 1633 e
379 1570 500 1653 pruina
514 1569 712 1653 Appennini
727 1575 828 1653 atque
845 1591 862 1633 e
879 1568 1014 1633 nivibus
1031 1570 1098 1633 illis
1115 1570 1289 1634 emersisset

158 1683 160 1686 ’
252 1681 354 1757 atque
371 1680 531 1738 aestatem
548 1674 714 1758 integram
730 1679 873 1737 nanctus
890 1673 1008 1738 Italiae
1025 1673 1120 1738 callis
1140 1681 1176 1739 et
1197 1681 1290 1759 pasto

179 1826 182 1833 .
253 1800 327 1841 rum
342 1777 476 1842 stabula
491 1799 733 1862 praeoccupare
746 1777 921 1862 coepisset,
932 1778 1004 1841 sine
1019 1778 1127 1841 multo
1139 1778 1290 1864 sanguine

201 1899 230 1942 25
252 1904 290 1946 ac
314 1883 385 1946 sine
409 1883 514 1945 totius
540 1881 659 1945 ltaliae
685 1883 844 1946 vastitate
876 1883 1061 1946 miserrima
1091 1883 1289 1947 concidisset.

204 1990 240 2050 13
252 1987 354 2050 Hunc
371 1987 475 2072 igitur
489 1987 638 2049 animum
661 1985 787 2051 adtulit
809 1986 852 2050 ad
874 1986 1083 2052 tribunatum
1105 1987 1144 2050 P.
1163 1987 1290 2060 Sestius,

253 2098 293 2154 ut
308 2098 524 2174 quaesturam
543 2090 761 2155 Macedoniae
785 2091 972 2176 relinquam
996 2099 1032 2155 et
1055 2090 1237 2176 aliquando
1258 2089 1292 2152 ad

254 2194 334 2258 haec
350 2196 509 2279 propiora
520 2195 662 2260 veniam.
710 2193 923 2279 Quamquam
948 2216 1014 2257 non
1042 2202 1094 2258 est
1118 2193 1293 2258 omittenda

253 2299 436 2384 singularis
453 2299 512 2362 illa
523 2299 700 2384 integritas
714 2299 940 2382 provincialis,
955 2299 1051 2362 cuius
1068 2320 1131 2384 ego
1147 2320 1253 2383 nuper
1265 2298 1293 2358 in

203 2419 233 2463 ao
256 2402 453 2467 Macedonia
464 2402 533 2467 vidi
545 2403 689 2488 vestigia
698 2423 766 2466 non
776 2423 889 2486 pressa
899 2402 1021 2466 leviter
1030 2401 1073 2465 ad
1086 2393 1203 2488 exigui
1215 2421 1296 2486 prae-

254 2507 456 2572 dicationem
469 2507 637 2591 ternporis,
650 2505 710 2570 sed
722 2505 789 2568 fixa
800 2504 843 2568 ad
859 2507 1051 2570 memoriam
1068 2506 1160 2570 illius
1173 2505 1296 2590 provin·

254 2614 324 2677 ciae
334 2614 589 2697 sempiternam
603 2632 719 2675 verum
730 2609 810 2674 haec
821 2611 868 2673 ita
878 2619 1135 2693 praetereamus,
1145 2617 1295 2674 uttamen

254 2718 425 2782 intuentes
441 2725 477 2781 et
492 2723 719 2801 respectantes
741 2715 991 2798 relinquamus3
1016 2714 1058 2778 ad
1082 2713 1295 2786 tribunatum,

254 2823 312 2906 qui
327 2823 397 2907 ipse
411 2821 452 2885 ad
465 2843 538 2886 sese
551 2822 618 2884 iam
631 2819 759 2883 dudum
772 2826 871 2884 vocat
883 2826 918 2882 et
928 2817 1073 2902 quodam
1085 2818 1186 2882 modo
1198 2819 1297 2882 absor-

202 2942 231 2986 35
253 2926 312 2991 bet
323 2928 506 2991 orationem
517 2947 633 3001 meam,
646 2931 806 2988 contento
816 2922 929 2987 studio
940 2944 1107 3006 cursuque
1119 2924 1296 2987 veniamus.

203 3033 240 3095 14
295 3049 345 3095 VI.
377 3031 429 3095 De
456 3052 524 3114 quo
551 3028 688 3115 quidem
712 3028 888 3092 tribunatu
916 3027 965 3090 ita
989 3025 1116 3090 dictum
1143 3036 1195 3091 est
1217 3049 1237 3090 a
1260 3025 1296 3102 Q.

255 3135 446 3211 Hortensio,
464 3141 504 3197 ut
526 3135 598 3198 eius
627 3133 733 3196 oratio
757 3154 823 3196 non
847 3130 1079 3196 defensionem
1099 3131 1198 3195 modo
1215 3129 1298 3195 vide·

253 3248 346 3305 retur
367 3240 544 3302 criminum
571 3239 752 3312 continere,
769 3235 829 3301 sed
855 3238 955 3300 etiam
983 3236 1140 3300 memoria
1166 3235 1296 3322 dignam

253 3344 424 3409 iuventuti
449 3344 495 3406 rei
520 3342 673 3426 publicae
699 3341 920 3426 capessendae
946 3340 1188 3404 auctoritatem·
1209 3337 1298 3402 disei-

216 3449 447 3534 5plinamque
479 3445 711 3530 praescribere.
758 3444 824 3509 Sed
855 3452 977 3521 tamen,
1011 3443 1170 3530 quoniam
1200 3441 1297 3508 tribu·
1348 3467 1349 3542 q

254 3561 354 3616 natus
386 3559 478 3615 totus
510 3549 548 3613 P.
580 3549 670 3614 Sesti
700 3549 786 3612 nihil
818 3548 911 3633 aliud
942 3549 1007 3612 nisi
1037 3571 1148 3613 meum
1180 3567 1297 3612 nomen
1348 3547 1349 3580 ³

255 3676 455 3740 causamque
485 3655 659 3730 sustinuit,
684 3654 869 3717 necessario
897 3653 977 3716 mihi
1005 3652 1046 3718 de
1070 3652 1176 3718 isdem
1203 3651 1295 3716 rebus
1348 3637 1349 3722 l

254 3783 326 3826 esse
357 3759 499 3824 arbitror
527 3759 556 3823 si
587 3779 655 3822 non
685 3758 845 3841 suptilius
876 3756 1131 3842 disputandum,
1151 3765 1187 3822 at
1212 3763 1295 3820 certe
1348 3747 1349 3820 ᾖ

255 3864 425 3929 dolentius
455 3860 706 3948 deplorandum.
754 3861 830 3941 Qua
856 3861 891 3922 in
919 3861 1067 3926 oratioue
1094 3862 1131 3928 si.
1154 3861 1295 3948 asperius
