2800 4367
502 349 582 399 cur.
605 349 663 409 cc,
686 348 701 409 s
725 337 811 400 mia.
1177 337 1218 402 91

99 539 195 584 rum
225 541 264 585 ac
294 522 508 586 vexationem
540 521 710 608 virginum
734 521 925 586 Vestalium
956 519 1169 606 perhorresco

100 632 162 702 et,
181 627 263 710 quia
287 625 370 688 mihi
386 624 603 690 vehementer
627 624 709 689 haec
736 624 896 690 videntur
920 625 1041 690 misera
1065 632 1167 710 atque

100 727 317 806 miseranda,
343 728 466 793 idcirco
496 729 532 792 in
562 749 630 805 eos,
653 730 713 813 qui
738 750 778 793 ea
793 729 950 813 perficere
976 729 1167 806 voluerunt,

101 855 171 898 me
187 855 342 899 severum
357 832 659 918 vehementemque
681 832 831 917 praebeo.
880 831 1014 897 Etenim
1030 854 1165 917 quaero,
1188 849 1217 893 as

101 940 142 1003 si
173 939 250 1024 quis
280 936 544 1024 paterfamilias
567 937 682 1002 liberis
710 938 781 1002 suis
805 957 824 1000 a
847 959 943 1002 servo
969 936 1166 1014 interiectis,

103 1064 224 1108 uxore
254 1043 372 1119 occisa,
398 1044 534 1107 incensa
558 1040 659 1105 domo
682 1041 886 1126 supplicium
914 1040 955 1106 de
980 1062 1076 1106 servo
1100 1063 1166 1105 non

104 1168 221 1231 quam
251 1146 514 1211 acerbissunrum
545 1145 737 1229 sumpserit,
764 1152 877 1209 utrum
908 1146 936 1209 is
959 1145 1104 1209 clemens
1128 1166 1165 1209 ac

105 1251 305 1315 misericors
336 1271 378 1314 au
410 1249 708 1328 inhumanissimus
739 1256 774 1313 et
804 1247 1056 1314 crudelissimus
1095 1269 1166 1314 esse

105 1353 292 1419 videatur..
330 1353 416 1417 Mihi
446 1375 525 1419 vero
549 1354 751 1439 inportunus
782 1374 819 1417 ac
847 1351 986 1428 ferreus,
1009 1353 1069 1437 qui
1100 1375 1167 1417 non
1190 1369 1219 1415 ao

105 1458 232 1524 dolore
248 1467 283 1524 et
297 1458 450 1522 cruciatu
463 1458 615 1523 nocentis
630 1478 732 1522 suum
749 1456 895 1522 dolorem
913 1457 1165 1542 cruciatumque

107 1563 260 1628 lenierit.
306 1561 362 1627 Sic
385 1583 447 1627 nos
474 1563 509 1625 in
531 1562 584 1626 his
609 1560 810 1638 hominibus,
835 1562 896 1646 qui
921 1582 992 1638 nos,
1009 1562 1069 1646 qui
1093 1582 1168 1626 con·

107 1668 224 1753 iuges,
241 1668 300 1752 qui
323 1665 444 1731 liberos
468 1673 599 1731 nostros
625 1664 793 1730 trucidare
811 1666 1004 1742 voluerunt,
1020 1667 1080 1750 qui
1104 1666 1168 1730 sin·

109 1772 215 1858 gulas
230 1771 513 1855 uniuscuiusque
530 1777 683 1834 nostrum
701 1769 816 1834 domos
832 1776 867 1834 et
882 1769 945 1834 hoc
969 1770 1166 1835 universum

109 1876 164 1939 rei
194 1875 349 1963 publicae
382 1873 589 1938 domicilium
620 1873 730 1938 delere
762 1874 874 1939 conati
912 1880 1002 1950 sunt,
1035 1875 1094 1959 qui
1131 1874 1166 1938 id
1189 1890 1219 1936 ac
1259 1865 1260 1868 '

110 1988 270 2066 egerunt,
301 1987 341 2044 ut
377 1986 513 2065 gentem
545 1977 769 2064 Allobrogum
806 1978 842 2041 in
875 1978 1027 2063 vestigiis
1064 1978 1166 2043 huius

111 2083 211 2148 urbis
230 2090 332 2168 atque
357 2083 393 2145 in
418 2083 528 2146 cinere
555 2080 731 2168 deflagrati
757 2083 887 2168 imperii
910 2083 1121 2159 collocarent,
1138 2083 1166 2147 si

112 2187 401 2254 vehementissimi
426 2185 600 2262 fuerimus,
624 2186 852 2251 misericordes
878 2186 1088 2262 habebirnur;
1113 2188 1165 2252 sin

112 2293 320 2357 remissiores
341 2312 414 2357 esse
432 2291 648 2366 voluerimus,
664 2311 814 2356 summae
838 2291 934 2356 nobis
956 2291 1165 2358 crudelitatis

112 2397 151 2463 in
182 2397 308 2481 patriae
345 2397 540 2480 civiumque
579 2395 726 2481 pernicie
764 2394 854 2459 fama
890 2396 1066 2461 subeunda
1104 2405 1165 2462 est.
1188 2413 1218 2458 40

114 2500 191 2564 Nisi
214 2522 294 2566 vero
318 2501 464 2585 cuipiam
494 2499 531 2562 L.
549 2498 680 2576 Caesar,
696 2500 750 2564 vir
773 2499 976 2566 fortissimus
1000 2510 1035 2566 et
1058 2523 1167 2566 aman-
1179 2505 1216 2567 13

113 2589 270 2668 tissimus*
297 2605 345 2668 rei
375 2604 540 2688 publicae,
567 2602 735 2668 crudelior
765 2604 889 2670 nudius
921 2607 1040 2670 tertius
1072 2608 1164 2672 visus

113 2711 178 2781 est,
218 2725 297 2768 cum
335 2705 458 2769 sororis
497 2726 588 2781 suae,
628 2703 772 2769 feminae
812 2706 1022 2783 lectissimae,
1056 2709 1165 2773 virum

113 2817 325 2893 praesentem
351 2817 388 2875 et
402 2809 606 2904 audientem
633 2811 704 2875 vita
734 2810 933 2896 privandum
966 2833 1038 2877 esse
1065 2812 1163 2889 dixit,

115 2934 194 2977 cum
209 2934 311 2977 avum
326 2934 426 2978 suum
450 2914 545 2978 iussu
571 2915 720 2980 consulis
746 2914 964 2980 interiectum
990 2917 1164 3001 filiumque
1187 2932 1218 2978 45

115 3018 188 3082 eius
219 3017 414 3102 inpuberem
444 3019 594 3104 legatum
625 3041 645 3084 a
675 3028 768 3106 patre
800 3022 939 3085 missurn
969 3022 1004 3083 in
1035 3042 1164 3086 carcere

115 3127 273 3187 necatum
289 3142 363 3187 esse
378 3120 475 3186 dixit.
516 3122 668 3202 Quorum
684 3122 778 3208 quod
793 3124 901 3188 simile
918 3123 1056 3201 factum,
1072 3124 1166 3209 quod

114 3226 240 3290 initum
269 3224 431 3291 delendae
461 3226 509 3291 rei
539 3227 692 3312 publicae
716 3228 916 3292 consilium?
961 3228 1165 3315 Largitionis

115 3331 275 3396 voluntas
304 3337 380 3395 tum
409 3331 445 3394 in
474 3354 510 3397 re
541 3331 676 3417 publica
706 3339 838 3397 versata
873 3340 926 3398 est
954 3341 990 3397 et
1018 3334 1165 3418 partium

115 3434 280 3521 quaedam
304 3437 486 3501 contentio.
540 3426 658 3522 Atque
681 3437 741 3500 illo
768 3444 918 3522 tempore
949 3437 1050 3502 huius
1081 3459 1164 3503 avus
1187 3451 1216 3498 so

116 3539 265 3616 Lentuli,
283 3541 335 3605 vir
359 3540 573 3617 clarissimus,
590 3549 738 3605 armatus
765 3540 954 3606 Gracchum
982 3549 1034 3606 est
1059 3564 1166 3626 perse·

116 3652 226 3709 cutus.
273 3645 337 3710 llle
363 3645 465 3709 etiarn
491 3667 593 3731 grave
619 3652 692 3708 tum
715 3645 841 3710 vulnus
868 3646 1006 3730 accepit,
1023 3667 1064 3710 ne
1081 3646 1164 3733 quid

117 3748 157 3814 de
172 3771 354 3814 summare
378 3748 514 3834 publica
538 3748 809 3824 deminueretur3
833 3749 888 3813 hic
913 3748 955 3813 ad
982 3750 1165 3814 evertenda
1204 3807 1207 3813 .

116 3853 341 3938 reipublicae
368 3852 589 3918 fundamenta
613 3853 732 3917 Gallos
755 3855 903 3930 accersit,
927 3854 1067 3917 servitia
1091 3875 1166 3918 con-
