2800 4367
203 296 246 362 52
530 308 601 359 ruo
624 309 655 359 n.
680 307 843 359 uorans
865 306 1015 358 onarro.

1375 259 1376 286 l

1375 358 1377 406 l

1375 469 1376 524 l

1375 535 1376 582 l

254 484 401 557 amicos3
432 479 692 555 observationes,
715 478 979 553 testificationes,
999 474 1218 543 seductiones
1244 487 1311 545 tes

255 588 350 662 tium,
374 585 576 651 secessiones
595 582 861 667 subscriptorum
881 580 1209 658 animadvertebant,
1234 585 1309 667 qui·
1375 595 1376 660 l

253 690 316 755 bus
341 690 439 755 rebus
464 696 555 753 creta
579 689 652 773 ipsa
679 685 936 752 candidatorum
960 684 1133 749 obscurior
1160 686 1307 752 evadere

205 810 231 856 ιο
254 796 358 870 solet;
375 791 558 858 Catilinam
569 794 697 857 interea
712 791 856 855 alacrem
868 797 971 874 atque
986 791 1124 866 laetum,
1138 790 1306 874 stipatum

252 899 352 964 choro
377 896 576 973 iuventutis,
593 896 757 961 vallatum
779 893 946 959 indicibus
972 901 1075 977 atque
1098 894 1241 971 sicariis,
1258 897 1307 958 in·

252 1002 369 1067 flatum
392 1023 469 1067 cum
493 1022 553 1086 spe
578 1000 735 1076 rnilitum,
759 1007 832 1062 tum
857 998 1005 1084 collegae
1032 998 1107 1073 mei,
1129 1019 1236 1081 quem
1262 1000 1305 1063 ad
1375 1041 1376 1082 g

254 1107 390 1171 modum
415 1105 546 1170 dicebat
571 1105 652 1189 ipse,
678 1103 861 1188 promissis,
892 1099 1183 1167 circumfluentem
1217 1103 1305 1167 colo

252 1232 370 1274 norum
393 1210 631 1275 Arretinorum
652 1215 687 1273 et
709 1206 973 1271 Faesulanorum
996 1206 1172 1281 exercitu3
1197 1228 1303 1291 quam
1375 1205 1377 1282 l

172 1327 177 1337 ·
200 1330 228 1373 15
251 1313 382 1377 turbam
406 1313 628 1378 dissimillimo
653 1334 695 1376 ex
721 1332 845 1397 genere
867 1308 1123 1396 distinguebant
1146 1309 1302 1376 homines
1375 1287 1377 1364 l

249 1418 395 1503 perculsi
426 1417 558 1481 Sullani
589 1417 748 1502 temporis
778 1415 979 1480 calamitate.
1026 1414 1157 1479 Vultus
1192 1416 1301 1499 ipsius
1375 1471 1376 1496 ,

249 1530 321 1586 erat
351 1522 472 1607 plenus
495 1520 628 1597 furoris,
656 1519 746 1585 oculi
769 1518 912 1594 sceleris,
936 1540 1046 1583 sermo
1076 1520 1299 1605 arrogantiae,
1375 1501 1376 1588 J

249 1626 297 1690 sic
321 1634 360 1691 ut
382 1626 413 1690 ei
441 1626 504 1688 iam
530 1625 725 1709 exploratus
746 1630 781 1689 et
805 1624 896 1687 domi
919 1622 1076 1687 conditus
1099 1623 1299 1688 consulatus

249 1729 429 1794 videretur.
474 1727 650 1792 Murenam
675 1727 920 1803 contemnebat,
953 1724 1143 1811 Sulpicium
1165 1748 1300 1791 accusa-
1375 1757 1377 1808 r

197 1850 226 1893 ao
248 1841 355 1898 torem
386 1853 487 1897 suurn
521 1832 730 1907 numerabat,
761 1853 830 1896 non
860 1831 1133 1915 competitorem
1164 1832 1196 1896 ei
1228 1832 1299 1897 vim
1375 1839 1376 1912 l

197 1939 237 2002 50
248 1936 479 2012 denuntiabat,
517 1936 564 1999 rei
602 1934 754 2020 publicae
795 1934 993 1999 minabatur.
1039 1950 1129 1998 xxv.
1162 1934 1298 2014 Quibus

249 2041 347 2105 rebus
383 2040 443 2124 qui
477 2041 577 2103 timor
610 2039 706 2103 bonis
741 2039 895 2103 omnibus
927 2039 1072 2103 iniectus
1108 2038 1155 2103 sit
1194 2061 1299 2124 quan·
1375 2023 1377 2170 y

248 2152 350 2229 taque
390 2144 578 2228 desperatio
614 2144 661 2207 rei
699 2142 862 2228 publicae,
894 2143 923 2207 si
959 2143 1016 2207 ille
1050 2141 1162 2207 factus
1196 2151 1297 2220 esset,
1375 2175 1376 2216 r

248 2249 352 2313 nolite
377 2269 397 2311 a
419 2270 471 2311 me
496 2248 697 2311 commoneri
729 2247 838 2323 velle3
867 2254 999 2313 vosmet
1028 2248 1092 2332 ipsi
1122 2240 1311 2313 vobiscum

209 2352 476 2417 srecordarnini.
538 2350 743 2417 Meministis
781 2354 881 2428 enim,
924 2374 1001 2417 curn
1040 2351 1133 2415 illius
1174 2350 1297 2416 nefarii

246 2456 440 2543 gladiatoris
460 2477 557 2520 voces
581 2454 858 2539 percrebuissent,
875 2478 959 2540 quas
984 2456 1139 2521 habuisse
1162 2456 1198 2518 in
1221 2478 1299 2520 eon·
1375 2453 1376 2528 ξ

247 2562 337 2625 tione
375 2558 558 2623 domestica
595 2558 777 2635 dicebatur,
814 2582 891 2624 cum
928 2562 1125 2625 miserorum
1163 2558 1297 2624 fidelem
1375 2543 1376 2552 ἵ

246 2663 456 2729 defensorem
481 2671 636 2749 negasset
658 2664 803 2729 inveniri
828 2687 925 2748 posse
947 2665 1012 2729 nisi
1035 2687 1123 2741 eum,
1139 2665 1199 2749 qui
1224 2665 1295 2749 ipse
1375 2645 1376 2678 ¹

246 2770 346 2834 miser
376 2776 486 2843 esset3
524 2768 733 2855 integrorum
762 2776 799 2834 et
835 2768 1085 2834 fortunatorum
1123 2769 1296 2853 promissis
1375 2825 1376 2832 ,

194 2892 223 2936 10
244 2875 374 2938 saucios
405 2880 441 2938 et
469 2872 606 2937 miseros
636 2872 768 2938 credere
796 2895 864 2937 non
894 2882 1067 2957 oportere3
1094 2894 1208 2958 quare,
1233 2874 1294 2957 qui

245 2984 443 3062 consumpta
473 2978 611 3061 replere,
639 2985 753 3061 erepta
782 2998 976 3061 recuperare
1004 2977 1142 3052 vellent,
1168 2985 1296 3061 specta·

245 3090 329 3159 rent,
347 3081 431 3167 quid
453 3082 524 3166 ipse
548 3080 692 3157 deberet,
711 3081 794 3165 quid
815 3079 1011 3164 possideret,
1028 3078 1112 3162 quid
1133 3080 1292 3157 auderet3
1375 3085 1376 3164 3

178 3184 181 3190 ⁴
245 3188 379 3251 minime
411 3186 568 3251 timidum
595 3192 630 3250 et
656 3184 754 3250 valde
781 3183 1013 3248 calamitosum
1041 3201 1112 3243 esse
1140 3191 1291 3264 oportere

195 3306 222 3349 14
244 3311 331 3366 eum,
348 3292 408 3374 qui
431 3296 520 3355 esset
545 3287 682 3353 futurus
710 3286 784 3349 dux
805 3292 840 3349 et
861 3282 1002 3369 signifer
1022 3283 1291 3352 calamitosorum
1375 3283 1376 3350 j

193 3397 230 3459 51
244 3432 287 3441 -
299 3402 372 3458 turn
388 3393 502 3479 igitur,
519 3393 571 3455 his
587 3392 686 3456 rebus
703 3388 838 3463 auditis,
851 3388 1050 3453 meministis
1067 3388 1138 3453 fieri
1153 3400 1289 3456 senatus
1375 3387 1376 3470 Ξ

245 3498 436 3562 consultum
463 3496 630 3561 referente
654 3515 717 3569 me,
745 3515 787 3557 ne
813 3501 946 3578 postero
969 3493 1023 3559 die
1048 3495 1182 3559 comitia
1196 3496 1291 3560 habe·
1375 3479 1376 3516 ³

245 3608 369 3679 rentur,
382 3609 423 3667 ut
437 3601 479 3683 de
489 3601 541 3665 his
554 3598 653 3665 rebus
664 3598 699 3661 in
711 3605 830 3663 senatu
842 3620 940 3685 agere
953 3621 1137 3684 possemus.
1169 3601 1287 3685 Itaque

244 3706 403 3791 postridie
418 3705 589 3789 frequenti
604 3710 724 3769 senatu
738 3702 918 3769 Catilinam
934 3706 1080 3770 excitavi
1095 3714 1197 3790 atque
1213 3726 1288 3769 eum

244 3810 292 3876 d‘e'
309 3810 360 3875 his
384 3810 482 3875 rebus
503 3809 595 3886 iussi,
611 3810 641 3874 si
661 3808 747 3894 quid
768 3811 882 3887 vellet,
905 3831 992 3893 quae
1017 3809 1060 3874 ad
1085 3831 1137 3873 me
1160 3808 1286 3873 adlatae
