2800 4367
385 416 391 427 ·
483 337 563 407 cnr.
585 338 674 400 eico,
698 340 713 400 s
733 337 822 389 aoso.
1175 326 1216 391 67

107 513 163 580 Μ.
182 511 276 588 Cato,
309 511 368 595 qui
400 510 481 573 mihi
513 532 580 574 non
611 509 683 586 tibi,
715 509 775 574 sed
804 510 932 595 patriae
963 518 1064 575 natus
1095 533 1165 576 esse

107 616 248 692 videris,
277 614 401 691 videre,
433 614 515 699 quid
546 622 675 701 agatur,
707 615 851 679 retinere
882 614 1080 690 adiutorem,
1113 615 1167 681 de·

106 720 291 797 sensorem,
307 720 436 784 socium
447 720 488 782 in
504 741 538 783 re
555 717 699 804 publica,
717 718 891 783 consulem
909 739 975 783 non
994 719 1165 803 cupidum,
1189 736 1219 781 ao

107 826 296 902 consulem,
314 824 406 909 quod
431 824 575 889 maxime
600 830 733 907 tempus
759 822 822 888 hoc
845 824 1005 908 postulat,
1029 822 1166 887 fortuna

107 932 337 994 constitutum
353 928 395 993 ad
411 927 669 1013 amplexandum
692 928 809 1004 otium,
825 928 967 992 scientia
981 927 1024 991 ad
1040 928 1165 992 bellum

108 1034 309 1119 gerendum,
327 1034 438 1097 animo
454 1040 489 1097 et
505 1054 579 1109 usu,
596 1030 639 1095 ad
655 1030 749 1115 quod
764 1031 848 1096 velis
864 1032 1047 1117 negotium.

157 1155 292 1201 XXXIX.
326 1137 540 1222 Quamquam
572 1136 713 1200 huiusce
744 1136 792 1201 rei
820 1142 968 1219 potestas
996 1136 1103 1201 omnis
1129 1138 1166 1199 in

109 1242 208 1307 vobis
225 1243 289 1307 sita
305 1250 366 1319 est,
383 1240 532 1316 iudices3
557 1246 661 1305 totam
684 1261 754 1305 rem
779 1238 946 1323 publicam
963 1261 1023 1304 vos
1045 1240 1079 1304 in
1103 1240 1164 1306 hac

109 1367 215 1410 causa
238 1346 372 1421 tenetis,
390 1366 449 1409 vos
472 1344 679 1431 gubernatis.
727 1342 763 1407 Si
780 1342 818 1406 L.
837 1342 987 1407 Catilina
1010 1366 1086 1435 cum
1103 1367 1165 1409 suo

108 1450 254 1514 consilio
275 1449 481 1515 nefariorum
505 1449 689 1525 hominum,
708 1468 793 1532 quos
820 1469 934 1512 secum
957 1447 1086 1523 eduxit,
1103 1449 1164 1513 hac

108 1552 155 1617 de
178 1575 212 1617 re
233 1562 347 1638 posset
371 1552 531 1629 iudicare,
550 1551 790 1617 condemnaret
814 1551 851 1613 L.
869 1551 1057 1627 Murenam,
1074 1553 1102 1617 si
1119 1553 1166 1616 in-

109 1657 262 1722 terficere
279 1666 401 1743 posset,
418 1657 593 1723 occideret.
647 1656 779 1721 Petunt
793 1656 883 1721 enim
900 1657 1046 1721 rationes
1062 1657 1164 1734 illiue,

110 1770 154 1826 ut
170 1761 306 1827 orbetur
321 1763 449 1827 auxilio
465 1762 674 1847 respublica,
689 1769 730 1825 ut
745 1762 918 1825 minuatur
933 1768 1050 1825 contra
1064 1784 1164 1825 suum

108 1866 261 1931 furorem
284 1866 522 1951 imperatorum
548 1868 651 1951 copia,
669 1873 709 1929 ut
733 1866 838 1929 maior
853 1864 997 1929 facultas
1021 1864 1164 1931 tribunis

110 1970 220 2055 plebis
237 1970 336 2035 detur
351 1969 493 2055 depulso
509 1970 698 2035 adversario
718 1969 891 2035 seditionis
915 1990 953 2033 ac
977 1968 1163 2034 discordiae

110 2074 340 2140 concitandae.
396 2074 535 2139 Idemne
573 2076 678 2161 igitur
709 2073 830 2139 delecti
865 2096 907 2138 ex
946 2074 1160 2158 amplissimis
1186 2092 1216 2139 1o

111 2178 286 2243 ordinibus
311 2179 538 2244 honestissimi
566 2187 668 2263 atque
694 2178 931 2264 sapientissimi
955 2178 1018 2242 viri
1043 2178 1166 2243 iudica·

109 2282 209 2359 bunt,
234 2282 327 2367 quod
357 2283 415 2347 ille
447 2284 755 2367 importunissimus
782 2282 948 2369 gladiator
980 2282 1086 2347 hostis
1116 2283 1164 2348 rei

111 2386 266 2471 publicae
282 2385 471 2451 iudicaret?
518 2386 603 2451 Mihi
621 2386 757 2463 credite,
774 2386 913 2462 iudices,
931 2387 963 2450 in
983 2386 1044 2451 hac
1062 2408 1161 2452 causa
1175 2389 1215 2453 84

110 2513 181 2556 non
196 2491 305 2571 solum
318 2490 359 2556 de
377 2491 415 2553 L.
434 2490 607 2568 Murenae,
620 2485 857 2557 verumetiam
873 2490 914 2556 de
928 2500 1040 2556 vestra
1054 2492 1163 2556 salute

109 2595 314 2660 sententiam
338 2594 463 2659 feretis.
512 2595 552 2658 ln
575 2594 752 2683 discrimen
780 2603 969 2661 extremum
991 2596 1162 2672 venimus3
1187 2613 1216 2659 15

110 2699 197 2763 nihil
213 2705 266 2764 est
288 2699 364 2776 iam,
381 2699 471 2764 unde
496 2722 556 2765 nos
581 2700 769 2765 reficiamus
789 2708 849 2765 aut
875 2700 931 2765 ubi
959 2702 1044 2785 lapsi
1071 2703 1164 2767 resis-

110 2812 233 2868 tamus
279 2802 356 2867 Non
379 2803 489 2867 solum
512 2804 693 2869 minuenda
717 2826 783 2867 non
810 2813 893 2869 sunt
917 2806 1053 2882 auxilia,
1077 2828 1163 2891 quae

110 2906 283 2983 habemus,
300 2906 360 2972 sed
384 2908 485 2971 etiam
511 2928 608 2984 nova,
632 2910 660 2973 si
688 2909 758 2975 fieri
787 2910 903 2993 possit,
929 2910 1162 2994 comparanda.

111 3010 231 3076 Hostis
248 3018 301 3077 est
316 3012 405 3077 enim
421 3028 489 3076 non
505 3012 596 3097 apud
616 3014 793 3089 Anienem,
812 3013 903 3097 quod
919 3013 1008 3079 bello
1033 3014 1163 3081 Punico

109 3116 347 3201 gravissimum
363 3116 475 3182 visum
491 3123 553 3193 cst,
569 3117 628 3181 sed
649 3119 684 3181 in
701 3116 783 3182 urbe
799 3118 835 3180 in
858 3117 931 3183 foro
957 3119 1009 3202 (di
1033 3120 1163 3185 immor·
1185 3140 1216 3185 ao

110 3217 213 3283 tales!
247 3220 320 3285 sine
346 3221 478 3306 gemitu
505 3220 567 3285 hoc
595 3220 661 3285 dici
688 3242 755 3285 non
781 3224 934 3306 potcst);
970 3245 1037 3287 non
1065 3247 1162 3289 nemo

110 3324 212 3388 etiam
227 3324 263 3387 in
279 3324 339 3387 illo
355 3326 498 3389 sacrario
514 3326 561 3391 rei
579 3325 741 3410 publicae,
758 3326 793 3389 in
808 3326 891 3411 ipsa,
904 3328 1052 3411 inquam,
1071 3330 1163 3393 curia

111 3437 178 3492 uon
203 3448 303 3492 nemo
323 3428 429 3493 hostis
455 3437 515 3494 est.
562 3430 607 3492 Di
630 3429 751 3506 faxint,
768 3438 809 3493 ut
834 3453 926 3495 meus
952 3433 1092 3519 collega,
1111 3436 1164 3499 vir

111 3531 326 3609 fortissimus,
336 3532 399 3598 hoc
416 3533 583 3599 Catilinae
600 3534 766 3599 nefarium
782 3534 997 3599 latrocinium
1013 3545 1160 3603 armatus

112 3634 294 3722 opprimat!
319 3659 382 3725 ego
395 3644 530 3725 togatus
543 3638 637 3704 vobis
655 3638 818 3723 bonisque
835 3640 989 3705 omnibus
1004 3641 1162 3705 adiutori·
1184 3658 1214 3703 25

108 3739 172 3825 ,bus
185 3741 258 3819 hoc,
271 3740 364 3827 quod
374 3750 573 3827 conceptum
586 3765 638 3807 res
655 3743 788 3827 publica
803 3745 989 3827 periculum
1006 3747 1159 3830 parturit,

112 3847 251 3911 oonsilio
279 3846 457 3915 discutiam
482 3855 518 3913 et
542 3848 767 3933 comprimam.
814 3847 881 3919 Sed
912 3848 994 3933 quid
1021 3849 1156 3913 tandem
1171 3852 1211 3918 85
