2800 4367
514 349 856 416 oan11-1atarea
1188 339 1251 406 327
1297 313 1304 320 ’

153 523 372 588 consiliorum
401 522 591 607 relinquere
608 544 646 587 66
664 524 832 588 virtutum
848 531 1038 587 nostrarum
1053 521 1199 609 effigiem

154 649 263 692 nonne
279 627 387 692 multo
403 627 501 691 malle
517 625 677 692 debemus
693 627 832 691 summis
848 628 992 712 ingeniis
1009 649 1199 719 expressam

153 740 189 797 61
203 731 369 816 politam?
414 731 488 817 Ego
504 752 583 796 vero
608 731 729 809 omnia,
747 752 832 816 6666
857 731 1022 817 gerebam,
1039 731 1106 795 iam
1128 740 1201 796 1616
1225 748 1255 794 1o

153 837 190 899 in
216 834 362 922 gerendo
389 853 544 921 spargere
571 857 623 899 me
651 856 688 899 ac
717 835 932 900 disseminare
960 833 1143 900 arbitrabar
1165 838 1201 900 in

154 939 242 1004 orbis
260 946 367 1004 161166
384 939 577 1003 memoriam
593 939 839 1023 sempiternam.
887 938 980 1003 Haec
997 961 1076 1004 1616
1093 941 1164 1004 6116
1181 962 1201 1004 6

154 1065 228 1107 1666
243 1050 438 1128 sensupost
453 1050 593 1106 16611661
620 1042 756 1106 6161616
773 1050 824 1108 661
839 1043 921 1120 6116,
939 1050 979 1106 61
995 1044 1199 1128 66616611661-

155 1149 200 1210 611
216 1147 365 1211 homines
381 1153 600 1231 putaverunt,
616 1146 659 1210 ad
674 1147 824 1231 aliquam
852 1147 956 1209 animi
983 1149 1048 1211 mei
1072 1155 1201 1232 6611616

154 1251 345 1336 pertinebit,
362 1271 452 1315 nunc
469 1250 606 1335 quidem
622 1258 711 1315 certe
739 1251 943 1336 cogitatione
971 1251 1116 1336 quadam
1131 1273 1204 1337 666·
1226 1267 1255 1313 15

155 1378 222 1440 que
239 1355 395 1422 delector.

201 1459 313 1539 Quare
329 1467 536 1535 conservate,
553 1458 690 1535 16111666,
709 1460 877 1524 hominem
893 1459 1019 1543 pudore
1036 1482 1085 1536 eo,
1103 1453 1254 1544 6666131

156 1565 337 1628 6161661661
355 1562 477 1628 videtis
493 1563 699 1647 comprobari
716 1585 792 1626 oum
809 1562 984 1648 dignitate,
1001 1571 1074 1626 tum
1101 1565 1202 1628 611616

157 1675 337 1743 161661616,
364 1668 501 1753 ingenio
529 1674 643 1730 autem
669 1674 774 1743 16616,
793 1674 958 1750 66661616
985 1666 1020 1729 id
1045 1669 1205 1732 convenit

157 1771 352 1847 existimari,
369 1770 461 1855 quod
476 1792 684 1835 summorum
706 1771 881 1834 homiuum
908 1771 1052 1856 ingeniis
1080 1772 1205 1855 expeti·
1226 1783 1258 1827 ao

157 1884 229 1940 turn
246 1897 317 1940 esse
334 1874 488 1952 videatis,
505 1896 605 1938 66666
622 1897 701 1939 1616
718 1875 788 1938 6166
813 1873 912 1951 modi,
931 1895 1016 1958 6666
1043 1873 1203 1938 beneficio

156 1981 249 2066 legis,
265 1979 462 2043 auctoritate
487 1979 671 2063 municipii,
690 1979 884 2043 testimonio
912 1976 1059 2054 Luculli,
1077 1977 1202 2043 tabulis

158 2084 289 2149 Metelli
313 2083 558 2167 comprobetur.
605 2082 700 2162 Quae
729 2105 805 2146 cum
834 2083 883 2145 ita
909 2083 988 2159 sint,
1015 2083 1161 2167 petimus
1184 2105 1204 2146 6

159 2187 261 2264 vobis,
279 2186 416 2263 ludicen,
433 2187 461 2251 61
478 2209 545 2272 666
568 2209 634 2250 666
663 2185 761 2250 modo
784 2187 1075 2262 11616666161616
1100 2187 1202 2250 611661

158 2292 272 2356 divina
289 2292 324 2354 16
354 2292 457 2355 166116
485 2292 629 2377 ingeniis
661 2290 905 2355 commendatio
932 2289 1033 2354 debet
1059 2312 1139 2367 esse,
1165 2300 1257 2356 11166

158 2418 244 2472 eum,
262 2397 321 2480 qui
344 2418 414 2471 166,
432 2397 492 2481 661
515 2403 646 2461 1661166
674 2395 979 2479 116661616166,661
1005 2395 1122 2479 666611
1140 2394 1203 2458 Ro-

159 2502 247 2564 mani
262 2523 314 2565 166
329 2506 440 2586 gestas
466 2521 597 2584 semper
624 2500 766 2574 ornavit,
785 2500 843 2582 661
860 2499 961 2562 611616
987 2497 1039 2561 his
1066 2500 1206 2562 1666611-

159 2604 220 2669 bus
237 2606 358 2669 6661116
374 2605 563 2688 1661116666
588 2603 779 2667 domesticis
806 2602 963 2686 661166116
980 2609 1204 2667 66161666166

159 2709 386 2772 testimonium
400 2707 509 2771 laudis
522 2706 681 2770 daturum
695 2728 768 2771 esse
781 2706 958 2790 profitetur
970 2712 1088 2788 estque
1106 2728 1148 2769 ex
1162 2705 1203 2770 eo

160 2834 306 2888 6616616,
316 2813 376 2896 661
386 2830 517 2896 semper
528 2811 619 2896 661111
632 2833 745 2875 6161166
759 2811 960 2875 sanctisunt
974 2810 1080 2874 habiti
1092 2795 1207 2894 itaque
1230 2827 1260 2872 30

159 2917 250 2993 dicti,
262 2918 309 2980 616
322 2918 356 2978 16
366 2924 509 2980 16611661
522 2916 692 2999 6661616116
704 2914 814 2991 fidem,
824 2921 863 2978 61
875 2915 1083 2978 humanitate
1095 2922 1206 2979 vestra

159 3021 290 3084 1616166
306 3021 418 3104 661166
436 3041 535 3104 66661
553 3019 733 3083 acerbitate
750 3020 895 3082 violatus
912 3040 982 3083 6666
1001 3018 1164 3082 videatur.

204 3124 298 3202 Quae
312 3113 463 3188 11666666
479 3145 539 3208 616
556 3144 628 3186 1666
651 3122 894 3186 consuetudine
921 3122 1067 3186 breviter
1081 3123 1205 3206 simpli·
1220 3127 1259 3186 32

159 3229 309 3312 61161666
326 3227 407 3303 dixi,
425 3228 563 3304 iudices,
580 3249 619 3291 66
635 3226 766 3290 confido
789 3226 928 3311 probata
943 3248 1014 3290 6666
1031 3226 1204 3302 omnibus}

102 3341 107 3350 ’
160 3353 245 3414 6666
273 3353 293 3395 6
317 3331 441 3396 forensi
468 3333 576 3396 aliena
603 3331 820 3415 iudicialique
842 3330 1085 3394 consuetudine
1109 3338 1144 3396 et
1167 3331 1206 3394 de
1231 3345 1259 3389 36

160 3434 303 3498 hominis
326 3436 461 3522 ingenio
478 3444 513 3500 et
528 3436 749 3500 communiter
775 3434 815 3498 de
833 3436 905 3518 ipso
932 3419 1046 3498 studio
1072 3434 1205 3498 1666166

160 3559 245 3613 6616,
267 3560 314 3613 66,
343 3540 482 3616 iudices,
499 3563 518 3604 a
535 3540 628 3605 vobis
653 3561 750 3624 spero
777 3561 848 3603 6666
874 3539 908 3600 16
936 3536 1057 3600 bonam
1080 3544 1209 3620 partem

160 3651 306 3725 accepta,
323 3641 365 3705 ab
380 3646 429 3719 e'o,
447 3645 506 3728 qui
522 3643 685 3708 iudicium
703 3650 846 3719 exercet,
864 3648 955 3706 certo
972 3640 1051 3704 6616.
