2800 4367
435 393 439 399 1
503 312 584 366 car.
608 317 696 378 acar,
721 317 735 380 s
758 315 845 367 aaut.
1161 297 1224 364 121

25 482 46 524 *³
112 491 266 576 patriam
302 493 554 578 suscipiendum
591 495 752 578 putaret?
797 495 893 558 cuius
931 515 987 562 aes
1024 493 1172 557 alienum

26 622 47 632 ¹·
112 596 288 674 videmus,
306 597 458 674 ,iudices
490 619 557 661 non
587 597 736 674 libidine,
767 597 828 662 sed
866 599 994 684 negotii
1032 596 1172 684 gerendi
1195 613 1224 657 aa

29 731 34 737 ·
110 701 333 767 studio-esse
359 709 580 778 contractum,
606 703 665 787 qui
690 705 737 766 ita
762 703 884 767 Romae
910 701 1038 779 debuit,
1066 711 1106 766 ut
1136 703 1170 764 in

25 822 27 825 ⁴
110 808 304 892 provinciis
319 808 404 871 etin
420 807 533 892 regnis
548 808 579 871 ei
596 808 759 871 maximae
775 807 935 891 pecuniae
953 805 1169 881 deberentur3

26 913 47 954 .;.
112 933 206 996 quas
235 933 313 976 cum
336 919 475 996 peteret,
503 933 570 974 non
598 911 775 986 commisit,
803 920 844 974 ut
866 911 918 974 sui
941 917 1172 995 procuratores

26 1018 61 1063 ?—'‘
112 1016 305 1100 quicquam
327 1016 437 1080 oneris
458 1014 595 1079 absente
617 1036 652 1078 se
674 1015 896 1089 sustinerent;
922 1015 1034 1079 venire
1058 1034 1171 1077 omnes

26 1130 51 1169 1'-
111 1141 198 1183 suas
219 1120 443 1204 possessiones
465 1127 502 1183 et
522 1118 724 1203 patrimonio
748 1140 782 1182 se
806 1119 1016 1182 ornatissimo
1038 1117 1172 1202 spoliari
1195 1132 1225 1178 40

25 1236 49 1275 ὲ
111 1224 243 1287 maluit
270 1245 369 1308 quam
396 1223 501 1286 ullam
529 1243 654 1286 moram
681 1222 840 1306 cuiquam
867 1222 936 1286 fieri
967 1220 1170 1286 creditorum
1232 1206 1237 1219 ⁸

111 1348 270 1390 suorum.
317 1328 350 1390 A
367 1349 435 1411 quo
451 1326 588 1412 quidem
603 1347 736 1413 genere,
755 1325 891 1402 iudiceS,
909 1347 971 1412 ego
988 1345 1171 1408 numquam
1183 1325 1222 1388 59

27 1451 40 1490 :-
111 1432 231 1505 timui,
260 1452 336 1494 cum
364 1431 398 1494 in
427 1432 486 1495 illa
516 1430 564 1496 rei
594 1429 748 1516 publicae
779 1435 977 1514 tempestate
1009 1449 1168 1494 versarer.

26 1558 41 1596 ·.-
111 1535 215 1620 Illud
230 1544 303 1599 erat
317 1536 490 1600 hominum
504 1557 612 1622 genus
628 1535 786 1599 horribile
802 1542 837 1599 et
859 1532 1169 1620 pertimescendum,

112 1642 178 1724 qui
196 1647 292 1704 tanto
308 1661 417 1704 amore
434 1662 512 1704 suas
528 1641 753 1725 possessiones
776 1639 922 1724 amplexi
946 1638 1116 1715 tenebant,
1133 1645 1173 1702 ut
1194 1657 1223 1702 4⁵

111 1744 159 1808 ab
187 1745 230 1806 iis
258 1745 404 1815 membra
428 1746 529 1810 citius
557 1744 674 1810 divelli
698 1767 736 1810 ac
761 1743 900 1809 distrahi
917 1765 1013 1829 posse
1031 1731 1167 1807 diceres.

35 1875 38 1879 ²
112 1848 243 1912 Sittius
268 1870 452 1934 numquam
476 1850 539 1914 sibi
563 1851 798 1936 cognationem
825 1870 901 1913 cum
930 1847 1074 1933 praediis
1098 1869 1169 1912 esse

113 1955 328 2018 existimavit
352 1954 431 2017 suis.
479 1954 599 2039 ltaque
626 1976 661 2018 se
688 1975 755 2017 non
784 1951 882 2016 inodo
906 1974 949 2017 ex
980 1951 1169 2036 suspicione
1259 1941 1266 1952 ’

26 2064 33 2123 ἱ
114 2060 206 2120 tanti
223 2058 367 2134 sceleris
384 2060 619 2123 verumetiam
642 2080 685 2122 ex
709 2060 798 2121 omni
822 2058 996 2121 hominum
1018 2078 1168 2122 sermone

29 2172 30 2175 ’
112 2183 186 2224 non
202 2163 314 2237 armis,
330 2160 390 2226 sed
406 2159 604 2246 patrimonio
620 2183 681 2226 suo
697 2161 893 2227 vindicavit.
1192 2179 1223 2224 so

159 2283 242 2328 xxa
275 2266 347 2329 lam
364 2288 443 2331 vero
460 2265 552 2350 quod
568 2266 691 2331 obiecit
714 2266 936 2351 Pompeianos
952 2288 1024 2331 esse
1041 2287 1060 2329 a
1076 2264 1171 2330 Sulla
1183 2267 1223 2330 60

113 2367 298 2456 impulsos,
326 2380 366 2435 ut
395 2371 438 2434 ad
472 2372 571 2435 istam
603 2372 867 2450 coniurationem
900 2379 1003 2456 atque
1035 2370 1077 2434 ad
1108 2370 1169 2434 hoo
1202 2443 1206 2448 .

114 2474 288 2551 nefarium
313 2473 444 2539 lacinus
469 2475 676 2550 accederent,
700 2474 736 2539 id
761 2476 857 2540 cuius
887 2475 977 2539 modi
1004 2475 1058 2551 sit,
1075 2474 1171 2537 intel·

33 2608 34 2611 ¹
115 2580 230 2666 legere
263 2583 330 2642 nou
362 2601 509 2664 possum.
568 2581 623 2643 An
656 2580 716 2645 tibi
749 2579 946 2664 Pompeiani
978 2579 1169 2643 coniurasse

116 2682 306 2750 videntur?
353 2683 439 2762 Quis
470 2683 533 2748 hoc
564 2684 653 2750 dixit
684 2706 856 2769 umquam,
888 2691 948 2747 aut
978 2704 1063 2767 quae
1103 2681 1171 2744 fuit
1206 2693 1222 2737 ὅ

115 2789 215 2853 istius
248 2789 296 2852 rei
327 2788 382 2853 vel
412 2788 550 2851 minima
579 2790 752 2873 suspicio?
814 2786 1015 2864 ‘Diiunxit’
1048 2786 1168 2870 inquit,

117 2904 191 2957 ‘eos
223 2914 244 2955 a
275 2892 413 2969 colonis,
443 2898 484 2955 ut
513 2891 576 2955 hoc
606 2891 747 2956 discidio
774 2914 812 2957 ac
843 2891 1050 2966 dissensione
1081 2890 1170 2953 facta

117 2997 280 3082 oppidum
320 2997 355 3059 in
394 3018 456 3061 sua
493 3004 659 3081 potestate
698 3004 813 3080 posset
850 3018 909 3081 per
949 2995 1169 3079 Pompeianos

117 3090 260 3165 habere.’
309 3101 462 3164 Primum
479 3103 586 3166 omnis
603 3101 884 3185 Pompeianorum
905 3101 1168 3184 colonorumque

117 3205 284 3275 dissensio
300 3204 414 3269 delata
437 3203 479 3268 ad
495 3213 652 3289 patronos
675 3213 736 3281 est,
754 3227 829 3268 cum
856 3206 920 3268 iarn
948 3205 1176 3271 inveterasset¹
1193 3213 1221 3259 10

116 3330 152 3397 ac
170 3308 299 3372 multos
324 3328 429 3371 annos
459 3316 547 3372 esset
573 3309 719 3394 agitata3
744 3307 864 3372 deinde
896 3309 943 3372 ita
973 3331 992 3372 a
1018 3309 1168 3393 patronis

118 3434 168 3501 res
185 3411 324 3497 cognita
347 3419 408 3488 est,
426 3418 466 3474 ut
491 3411 586 3474 nulla
613 3413 648 3474 in
674 3433 708 3475 re
734 3433 753 3474 a
778 3420 964 3476 ceterorum
990 3413 1169 3485 sententiis

119 3513 447 3590 Sulla'dissenserit3
470 3523 640 3600 postremo
656 3515 765 3579 coloni
791 3516 855 3601 ipsi
880 3518 927 3580 sic
954 3518 1172 3602 intellegunt,

26 3702 28 3715 .
120 3641 185 3684 non
217 3615 442 3705 Pompeianos
473 3642 493 3683 a
524 3619 620 3684 Sulla
650 3621 755 3706 magis
788 3642 887 3704 quam
919 3643 990 3684 sese
1014 3643 1084 3684 esse
1116 3620 1170 3684 de·

120 3718 241 3785 fcnsos.
289 3722 406 3806 Atque
431 3721 505 3797 hoc,
530 3720 669 3797 indicae,
696 3742 739 3784 ex
770 3720 831 3784 bac
862 3720 1053 3805 frequentia
1084 3721 1167 3784 colo·
1182 3723 1218 3782 61

26 3846 27 3873 ÷
121 3814 248 3904 norum,
261 3825 574 3899 honestissimorum
600 3826 782 3908 hominum,
800 3826 994 3912 intellegere
1018 3825 1166 3909 potestis
1191 3833 1219 3877 16
