2800 4367
182 347 245 415 264
443 361 515 414 rac
538 363 569 412 r.
593 359 715 412 nnnro
737 359 882 412 urtone
905 359 1053 412 enarro.

231 534 404 622 proiectus
426 556 508 611 esse,
540 541 579 598 ut
605 533 821 599 insidiaretur
843 535 878 598 in
903 535 957 598 via
988 533 1117 612 Clodio,
1141 534 1277 620 quippe,

234 641 265 706 si
286 641 343 706 ille
373 639 492 706 obvius
523 639 554 703 ei
581 636 719 702 futurus
751 639 886 703 omnino
917 659 984 701 non
1017 645 1098 703 erat.
1145 638 1278 704 Deinde

179 761 195 807 a
234 748 321 830 (non
344 744 433 810 enim
455 743 564 820 video,
588 764 649 808 cur
671 764 739 808 non
763 729 874 808 meum
900 735 1035 827 qnoque
1059 763 1155 829 agam
1178 764 1280 830 nego-

233 850 337 934 tium)
356 848 461 925 scitis,
485 847 624 924 iudices,
648 846 764 925 fuisse,
781 849 840 933 qui
863 847 897 910 in
922 846 983 911 hac
1006 847 1181 933 rogatione
1206 868 1281 912 sua·

233 951 343 1017 denda
379 951 530 1016 dicerent
561 952 700 1017 Milonis
732 972 835 1016 manu
865 950 1001 1016 caedem
1031 972 1103 1016 esse
1141 950 1279 1028 factam,

232 1056 371 1122 consilio
388 1078 467 1121 vero
490 1056 622 1120 maioris
645 1056 799 1121 alicuius.
847 1055 903 1120 Me
927 1054 1086 1120 videlicet
1112 1055 1280 1120 latronem

194 1231 202 1242 ,
233 1182 271 1225 ac
294 1161 451 1224 sicarium
480 1158 601 1224 abiecti
632 1159 784 1224 homines
816 1167 850 1224 et
880 1158 1003 1244 perditi
1034 1158 1279 1224 describebant.

180 1280 208 1325 ro
230 1264 347 1329 lacent
382 1264 453 1328 suis
491 1262 646 1340 testibus,
686 1264 745 1347 qui
785 1262 942 1328 Clodium
980 1269 1109 1348 negant
1146 1284 1184 1326 ec
1223 1263 1279 1326 die

232 1369 380 1442 Romam,
398 1368 462 1430 nisi
478 1366 519 1432 de
537 1366 627 1454 Cyro
650 1366 814 1444 audisset,
840 1366 945 1432 fuisse
969 1365 1168 1431 rediturum.
1216 1367 1281 1431 Re-

232 1473 367 1558 spiravi,
384 1471 544 1536 liberatus
559 1492 651 1546 sum3
667 1493 735 1534 non
749 1493 875 1548 vereor,
888 1493 942 1548 ne,
956 1469 1048 1556 quod
1060 1491 1101 1534 ne
1112 1471 1280 1555 suspicari

177 1579 218 1652 48
233 1575 369 1662 quidem
384 1576 561 1660 potuerim,
578 1574 694 1641 videar
706 1574 741 1639 id
756 1576 932 1661 cogitasse.
979 1573 1079 1638 Nunc
1096 1596 1282 1659 persequar

230 1688 349 1746 cetera.
395 1679 482 1743 Nam
504 1680 652 1760 occurrit
678 1677 783 1742 illud:
810 1678 940 1765 ‘Igitur
970 1700 1012 1742 ne
1040 1677 1181 1742 Clodius
1206 1680 1282 1762 qui·

179 1800 207 1846 15
228 1784 304 1849 dem
341 1783 382 1848 de
422 1782 551 1847 insidiis
583 1783 758 1869 cogitavit,
790 1783 949 1866 quoniam
979 1782 1047 1846 fuit
1076 1783 1111 1844 in
1143 1782 1280 1846 Albano

230 1887 429 1953 mansurus'
476 1886 511 1950 Si
528 1886 665 1972 quidem
681 1887 837 1952 exiturus
853 1886 895 1950 ad
912 1886 1080 1951 caedeme
1104 1886 1186 1951 villa
1209 1908 1304 1959 non,

231 1990 361 2056 fuisset.
408 1989 518 2054 Video
542 1991 632 2054 enim
655 1990 762 2066 illum,
780 1991 839 2075 qui
863 1989 996 2054 dicatur
1012 1989 1053 2054 de
1071 1989 1152 2074 Cyri
1170 1999 1279 2055 morte

228 2096 412 2170 nuntiasse,
445 2116 512 2157 non
542 2094 578 2158 id
608 2096 793 2169 nuntiasse,
822 2094 881 2158 sed
909 2094 1071 2158 Milonem
1102 2096 1282 2178 appropin-

233 2221 345 2284 quare.
391 2198 475 2263 Nam
508 2197 655 2283 quidde
680 2197 771 2284 Cyro
795 2199 975 2274 nuntiaret,
1004 2219 1107 2283 quem
1135 2197 1280 2262 Clodius

178 2320 208 2366 a)
230 2304 335 2368 Roma
372 2304 582 2387 proficiscens
621 2302 803 2387 reliquerat
833 2302 1054 2366 morientem?
1099 2301 1176 2366 Una
1214 2302 1278 2378 fui,

231 2415 470 2474 testamentum
507 2405 609 2471 simul
647 2405 840 2492 obsignavi;
880 2412 1138 2470 testamcutum·
1164 2413 1281 2470 autern

230 2513 341 2596 palam
379 2511 505 2576 fecerat
542 2517 577 2574 et
615 2509 713 2572 illum
743 2509 897 2574 heredem
935 2517 971 2573 et
1008 2532 1060 2574 me
1088 2511 1278 2594 scripserat.

231 2615 341 2695 Quem
356 2615 463 2699 pridie
488 2614 569 2677 hora
591 2615 692 2678 tertia
714 2615 858 2679 animam
882 2613 1051 2679 efflantem
1074 2615 1278 2699 reliquisset,

177 2736 207 2781 24
229 2742 306 2784 eum
351 2727 521 2782 mortuum
567 2718 729 2802 postridie
769 2718 849 2782 hora
886 2718 1014 2783 decima
1060 2717 1206 2802 denique
1246 2719 1280 2782 ei

178 2829 218 2890 49
233 2821 474 2888 nuntiabatur?
518 2839 597 2886 xlx.
644 2822 731 2908 Age,
748 2823 793 2886 sit
816 2824 863 2886 ita
886 2822 1032 2898 factum3
1057 2843 1142 2906 qnae
1166 2843 1279 2898 causa,

230 2949 290 2991 cur
316 2927 454 2991 Romam
481 2934 683 3011 properaret,
713 2948 772 2990 cur
799 2927 834 2989 in
865 2932 999 2990 noctem
1025 2947 1059 2990 so
1083 2926 1279 2990 coniceret?

233 3029 365 3116 Ecquid
376 3028 537 3095 afferebat
548 3029 785 3106 festinationis,
799 3029 889 3114 quod
902 3029 997 3094 heres
1006 3029 1098 3094 erat?
1125 3029 1279 3093 Primum

232 3143 305 3200 erat
334 3135 428 3211 nihil,
456 3157 516 3199 cur
538 3142 715 3220 properato
746 3155 829 3218 opus
853 3141 961 3209 esset3
986 3132 1117 3209 deinde,
1141 3134 1169 3197 si
1194 3133 1280 3217 quid

191 3256 207 3302 t
229 3246 326 3316 esset,
344 3238 426 3324 quid
450 3238 585 3304 tandem
601 3247 681 3315 erat,
699 3237 790 3323 quod
807 3259 846 3303 ea
861 3245 959 3303 nocte
976 3238 1136 3322 consequi
1152 3233 1278 3322 posset,

232 3345 401 3408 amitteret
426 3350 549 3419 autem,
574 3343 602 3407 si
627 3341 787 3427 postridie
812 3341 952 3405 Romam
975 3362 1072 3404 mane
1104 3341 1280 3404 venisset?

229 3448 344 3532 Atque
367 3454 408 3510 ut
429 3447 479 3510 illi
504 3454 689 3511 nocturnus
713 3445 756 3509 ad
779 3445 895 3510 urbem
924 3444 1091 3510 adventus
1116 3444 1279 3510 vitandus

230 3554 342 3637 potius
359 3573 459 3636 quam
474 3550 683 3637 expetendus
703 3549 778 3627 luit,
795 3551 842 3614 sic
860 3549 990 3627 Miloni,
1008 3571 1085 3614 cum
1101 3549 1280 3614 insidiator

191 3674 206 3719 e
228 3663 325 3733 esset,
338 3657 366 3719 si
390 3655 487 3719 illum
501 3655 544 3720 ad
560 3654 676 3719 urbem
692 3661 791 3718 nocte
815 3675 1026 3719 accessurum
1048 3652 1184 3730 sciebat,
1202 3653 1279 3718 sub

177 3759 404 3824 residendum
421 3768 522 3845 atque
540 3758 804 3843 exspectandum
829 3756 905 3822 fuit.
953 3758 1061 3823 Nemo
1084 3758 1114 3823 ei
1138 3759 1279 3845 neganti

230 3884 297 3927 non
321 3863 527 3940 credidisset,
553 3885 654 3948 quem
681 3883 752 3927 esse
778 3883 893 3926 omnes
920 3862 1051 3929 salvum
1078 3863 1180 3927 etiam
1202 3884 1280 3929 con·
