2800 4367
359 947 411 1019 M.
441 945 592 1020 TULLI
627 946 896 1022 CICERONIS

269 1193 385 1278 PRO
425 1195 473 1275 P.
510 1193 715 1279 SESTIO
756 1194 984 1279 ORATIO.

438 1461 812 1470 ———-—--—

145 1679 167 1725 1.
196 1661 325 1747 siquis
342 1669 449 1739 antea,
466 1662 604 1738 iudices,
622 1662 813 1740 mirabatur,
831 1663 914 1748 quid
938 1669 1035 1740 esset,
1052 1663 1144 1748 quod
1167 1667 1184 1727 1

102 1789 159 1850 pro
169 1767 271 1832 tantis
284 1767 404 1852 opibus
416 1768 464 1832 rei
480 1767 634 1852 publicae
651 1774 814 1853 tantaque
832 1768 997 1854 dignitate
1013 1769 1143 1852 imperii

102 1892 309 1955 nequaquam
339 1872 422 1936 satis
453 1872 552 1936 multi
583 1873 673 1936 cives
705 1871 785 1937 forti
816 1879 851 1936 et
881 1893 1001 1958 magno
1032 1872 1143 1936 animo

103 1976 339 2052 invenirentur,
352 1977 410 2060 qui
426 1976 591 2041 auderent
606 1999 642 2040 sc
658 1983 693 2040 et
708 1976 853 2040 salutem
868 1997 963 2040 suam
978 1977 1014 2039 in
1030 1975 1143 2040 discri-

104 2101 173 2144 men
189 2079 307 2144 offerre
325 2101 385 2164 pro
400 2086 491 2144 statu
505 2080 655 2145 civitatis
671 2089 708 2144 et
719 2103 778 2166 pro
791 2082 961 2146 communi
978 2079 1143 2157 libertate,
1181 2096 1196 2142 5

104 2183 201 2248 ishoc
217 2191 367 2267 tempore
393 2185 533 2248 miretur
559 2185 681 2268 potiuS,
698 2185 727 2248 si
745 2207 845 2269 quern
869 2184 994 2250 bonurn
1019 2193 1054 2250 et
1077 2185 1141 2249 ior-

105 2295 165 2352 tem
180 2290 287 2355 civcm
303 2289 436 2364 viderit,
453 2289 598 2373 quamsi
615 2311 716 2373 quem
733 2297 792 2354 aut
815 2289 971 2354 timidum
994 2298 1055 2354 aut
1077 2289 1139 2355 sibi

105 2393 328 2478 potiusquam
350 2393 399 2457 rei
423 2392 576 2477 publicae
601 2394 842 2460 consulentem.
891 2393 978 2458 Nam
994 2403 1033 2460 ut
1048 2396 1142 2458 omit

105 2497 176 2560 tatis
191 2496 231 2562 de
248 2497 350 2561 unius
375 2498 541 2582 cuiusque
567 2519 646 2562 casu
673 2498 853 2584 cogitando
881 2499 1056 2575 recordari,
1073 2520 1141 2562 uno

106 2609 230 2684 aspectu
247 2602 372 2666 intueri
391 2603 532 2686 potestis
550 2623 615 2678 coc,
633 2603 693 2686 qui
711 2606 788 2666 cu'm
804 2611 935 2679 senatu,
953 2625 1029 2667 cum
1047 2603 1142 2668 bonis
1166 2619 1195 2663 10

107 2705 246 2769 omuibus
262 2727 333 2770 rem
349 2705 517 2790 publicam
534 2704 702 2772 adflictam
719 2708 901 2771 excitarint
916 2715 951 2772 et
965 2707 1140 2772 latrocinio
1222 2709 1226 2717 ’

39 2872 40 2879 χ
107 2805 275 2874 domestico
290 2809 475 2886 liberarint,
489 2820 644 2887 maestos
657 2810 855 2886 sordidatos,
872 2833 946 2875 reos
963 2810 1003 2876 de
1020 2812 1139 2896 capite,

107 2910 141 2975 de
153 2911 248 2990 fama,
267 2912 473 2991 decivitate,
491 2914 533 2980 de
552 2914 710 2992 fortunis,
728 2915 771 2981 de
792 2915 904 2980 liberis
928 2915 1138 2990 dimicantis3

39 3044 40 3047 ¹
107 3036 153 3080 eos
166 3024 288 3094 autem,
305 3018 366 3102 qui
381 3019 493 3082 omnia
508 3019 625 3084 divina
649 3027 684 3084 et
706 3019 851 3084 humana
875 3021 1044 3096 violarint,
1062 3042 1140 3084 vex-

39 3158 40 3161 =
107 3121 191 3197 arint,
206 3121 445 3206 perturbarint,
463 3125 656 3200 everterint,
675 3146 742 3188 uon
759 3125 867 3188 solum
884 3125 1000 3189 alacris
1023 3125 1141 3190 laetos·
1165 3144 1193 3190 15

39 3242 40 3273 2
108 3245 162 3306 que
177 3226 326 3301 volitare,
342 3225 402 3290 sed
418 3228 519 3292 etiam
536 3226 728 3292 fortissimis
744 3236 846 3313 atque
861 3229 994 3313 optimis
1008 3229 1137 3294 civibus

39 3318 40 3389 l
108 3329 277 3408 periculum
293 3330 413 3407 moliri,
424 3330 465 3395 de
480 3353 516 3396 se
532 3332 617 3395 nihil
633 3333 760 3396 timere.
809 3332 1019 3417 Inquooum
1032 3334 1181 3399 multa2

108 3440 175 3496 suut
188 3433 340 3520 indigna,
349 3442 422 3499 turn
438 3435 522 3499 nihil
539 3437 649 3502 minus
665 3443 718 3500 est
733 3435 920 3513 ferendum,
932 3459 1031 3521 quam
1047 3437 1138 3522 quod

108 3533 161 3598 iam
175 3559 239 3602 non
255 3561 315 3624 per
330 3539 477 3604 latrones
491 3562 581 3616 suos,
598 3562 664 3604 nou
682 3562 741 3625 per
763 3540 914 3606 homines
939 3549 1088 3628 egestate
1104 3550 1139 3606 et

109 3639 213 3706 scelere
240 3642 400 3728 perditos
417 3644 477 3708 sed
504 3667 564 3728 per
590 3667 649 3710 vos
673 3644 779 3722 nobis,
796 3668 856 3730 per
883 3647 1026 3730 optimos
1051 3645 1191 3710 virosae

110 3745 226 3826 optimis
256 3747 387 3813 civibus
418 3750 604 3832 periculum
637 3747 761 3813 inferre
788 3757 954 3814 conantur
981 3758 1024 3826 ct,
1053 3771 1137 3833 quos
1195 3781 1196 3784 ¹

110 3844 270 3931 lapidibus,
283 3874 369 3937 quos
382 3851 480 3929 ferro,
494 3875 579 3938 quos
594 3852 736 3930 facibus,
750 3875 835 3942 quos
853 3855 895 3930 vi,
910 3875 1021 3930 manu,
1033 3855 1137 3938 copiis
1182 3918 1184 3921 .

602 3957 649 4009 175
