2800 4367
212 367 277 436 184
569 380 641 434 rao
665 384 693 432 r.
716 379 843 434 snsrro
865 379 1013 432 enarro.

263 555 342 618 litas
358 553 540 630 videretur,
558 552 727 629 favebant,
743 551 939 640 gaudebant
956 559 992 618 et
1014 549 1056 616 ad
1077 552 1274 638 integritatem
1362 633 1363 636 Ἴ

211 675 240 720 ao
262 659 425 722 maiorum
447 679 507 742 spe
529 679 591 722 sua
618 657 789 722 hominem
815 656 983 721 vocabant
1007 656 1145 722 materni
1167 655 1275 742 generis

211 760 251 822 22
265 761 372 827 obliti.
419 761 493 848 Ego
508 769 622 826 autem
647 766 745 847 (vere
769 761 891 838 dicam,
907 760 1055 844 iudices)
1081 766 1201 824 tantum
1219 779 1277 823 esse

263 868 299 930 in
316 865 448 931 homine
464 867 610 942 sceleris,
627 865 799 944 audaciae,
816 865 1037 943 crudelitatier,
1054 871 1208 949 quantum
1220 865 1277 948 ipse

264 991 340 1035 cum
356 993 392 1036 re
417 969 552 1055 publica
575 969 676 1048 sensi,
694 992 881 1056 numquam
906 971 1044 1056 putavi3
1068 989 1205 1054 nequam
1225 987 1282 1031 esse
1337 1011 1341 1019 -

263 1074 432 1140 hominem
480 1082 516 1139 et
552 1074 664 1139 levem
713 1082 748 1140 et
796 1073 883 1139 falsa
930 1074 1088 1158 opinione
1135 1072 1285 1136 hominum

210 1193 240 1240 aa
261 1178 304 1242 ab
332 1177 562 1244 adulescentia
586 1177 858 1244 commendatum
883 1177 1040 1243 sciebam.
1087 1177 1215 1241 Etenim
1235 1175 1289 1238 ani-

264 1304 338 1347 mus
368 1284 441 1348 eius
473 1283 583 1359 vultu,
615 1281 745 1369 flagitia
778 1281 961 1367 parietibus
993 1281 1213 1368 tegebantur,
1242 1277 1292 1342 sed

263 1387 344 1451 haec
375 1387 562 1472 opstructio
589 1408 650 1452 nec
678 1386 842 1451 diuturna
869 1393 922 1451 est
946 1407 1056 1470 neque
1084 1384 1225 1449 obducta
1244 1384 1291 1458 ita,

265 1499 305 1556 ut
322 1491 464 1555 curiosis
486 1490 594 1555 oculis
620 1491 764 1576 perspici
789 1511 856 1554 mon
879 1491 995 1574 possit.
1041 1506 1076 1552 x.
1102 1487 1294 1553 Videbamus

264 1615 371 1681 genus
388 1595 488 1671 vitae,
505 1593 679 1670 desidiam,
696 1595 852 1659 inertiam
866 1618 873 1670 3
890 1593 1038 1658 inclusas
1055 1594 1127 1658 eius
1143 1591 1295 1666 libidines,

264 1699 325 1784 qui
347 1698 449 1782 paulo
479 1699 618 1783 propius
649 1704 868 1774 accesserant
893 1696 1133 1772 intuebantur;
1165 1696 1297 1780 denique

263 1799 366 1863 etiam
395 1819 503 1862 sermo
542 1797 638 1863 nobis
672 1819 770 1863 ansas
809 1797 919 1873 dabat,
959 1796 1082 1881 quibus
1121 1794 1299 1862 reconditos

210 1904 250 1967 23
265 1902 338 1966 eius
353 1923 470 1966 sensus
487 1911 601 1966 tenere
628 1923 811 1986 possemus.
862 1900 1039 1966 Laudabat
1064 1901 1164 1966 homo
1190 1900 1299 1964 doctus

224 2005 477 2090 ophilosophos
501 2007 614 2071 nescio
641 2028 727 2091 quos
754 2027 865 2091 neque
892 2027 1008 2070 eorum
1035 2013 1150 2070 tamen
1177 2005 1302 2069 nemina

264 2117 396 2195 poterat
422 2110 544 2187 dicere,
570 2110 630 2206 sed
658 2119 771 2176 tamen
795 2132 852 2176 eos
880 2109 1042 2175 laudabat
1068 2111 1224 2187 maxime,
1247 2109 1302 2194 qui

263 2213 424 2279 dicuntur
448 2223 580 2299 praeter
607 2223 736 2280 ceteros
767 2237 838 2280 esse
869 2221 1024 2280 auctores
1054 2221 1089 2280 et
1119 2215 1303 2279 laudatores

263 2318 468 2402 voluptatis3
503 2320 600 2384 cuius
626 2326 662 2384 et
685 2341 753 2405 quo
779 2327 928 2404 tempore
955 2326 990 2384 et
1014 2340 1082 2404 quo
1108 2319 1217 2395 modo,
1241 2339 1304 2382 non

112 2454 118 2464 ·
210 2436 241 2484 10
262 2422 454 2506 quaerebat,
482 2423 622 2488 verbum
649 2425 761 2508 ipsum
789 2424 942 2489 omnibus
967 2424 1070 2487 animi
1098 2430 1133 2487 et
1163 2423 1306 2508 eorporis

264 2526 417 2611 partibus
434 2527 630 2604 devorarat3
655 2529 857 2613 eosdemque
874 2529 1042 2613 praeclare
1066 2528 1177 2594 dicere
1200 2527 1307 2592 aiebat

263 2633 425 2716 sapientis
454 2635 564 2697 omnia
591 2655 654 2698 sua
685 2656 784 2699 causa
811 2633 932 2710 facere,
961 2655 1031 2698 rem
1062 2632 1230 2717 publicam
1260 2655 1308 2697 ca·

263 2757 395 2821 pessare
411 2737 581 2802 hominem
603 2737 688 2803 bene
713 2760 833 2803 sanum
857 2760 923 2802 non
948 2744 1110 2823 oportere,
1128 2738 1214 2801 nihil
1237 2759 1305 2802 esse

263 2841 496 2926 praestabilius
521 2843 628 2906 otiosa
655 2843 727 2907 vita
754 2844 853 2928 plena
884 2849 919 2908 et
947 2841 1100 2907 conferta
1130 2842 1308 2927 voluptati-

211 2961 239 3006 1⁶
261 2945 343 3021 bus3
367 2968 423 3011 eos
454 2954 578 3021 autem,
606 2947 666 3030 qui
697 2946 849 3012 dicerent
879 2946 1040 3032 dignitati
1068 2967 1140 3010 esse
1166 2947 1307 3010 servien-

263 3050 354 3126 dum,
386 3051 433 3114 rei
464 3050 618 3135 publicae
650 3051 906 3127 consulendum,
938 3051 1037 3115 officii
1069 3051 1235 3115 rationem
1274 3052 1306 3113 in
1362 3131 1363 3134 Ἴ

264 3154 354 3216 omni
377 3155 459 3230 vita,
483 3176 551 3218 non
575 3154 741 3218 commodi
765 3177 836 3220 esse
860 3153 1059 3230 ducendam,
1073 3153 1229 3218 adeunda
1250 3175 1306 3240 pro
1362 3153 1363 3158 ’

263 3257 371 3341 patria
402 3258 559 3342 pericula,
584 3259 726 3324 vulnera
757 3258 963 3344 excipienda,
990 3265 1131 3322 mortem
1153 3266 1306 3343 oppeten-

210 3359 250 3420 24
265 3360 351 3437 dam,
375 3363 552 3426 vaticinari
575 3370 678 3448 atque
707 3363 852 3428 insanire
878 3362 1018 3428 dicebat.
1065 3361 1118 3425 Ex
1149 3361 1203 3428 his
1233 3363 1306 3428 assi·

210 3464 337 3530 aeduis
360 3465 432 3529 eius
456 3465 701 3550 cotidianisque
725 3467 945 3543 sermonibnS,
970 3473 1005 3531 et
1028 3465 1120 3551 quod
1143 3465 1303 3543 videbam,
1362 3505 1363 3554 ,

263 3568 466 3654 quibuscum
482 3568 675 3633 hominibus
692 3571 727 3631 in
744 3571 900 3634 interiore
913 3578 1007 3656 parte
1020 3570 1156 3635 aedium
1168 3571 1302 3647 viveret,

263 3680 299 3738 et
323 3673 415 3757 quod
440 3675 488 3737 ita
514 3673 632 3736 domus
660 3674 733 3757 ipsa
759 3672 921 3751 fumabat,
948 3682 988 3738 ut
1012 3675 1120 3738 multa
1146 3675 1219 3738 eius
1245 3697 1303 3740 ser·

264 3778 371 3842 monis
396 3777 521 3840 indicia
544 3775 745 3851 redolerent,
769 3777 959 3842 statuebam
983 3779 1040 3855 sic,
1058 3778 1137 3842 boni
1160 3778 1243 3840 nihil
1265 3777 1302 3842 ab
1362 3787 1363 3844 l

263 3882 333 3944 illis
349 3881 451 3964 nugis
467 3901 537 3942 esse
554 3878 830 3958 exspectandum,
847 3881 927 3942 mali
948 3881 1088 3964 quidem
1111 3889 1201 3946 certe
1224 3880 1301 3945 nihil
1362 3963 1363 3966 Ἴ
