2800 4367
218 348 281 418 300
346 361 395 416 oa
412 360 569 416 mramc
586 359 643 415 cr.
663 359 804 414 ronam
823 359 873 414 m
891 359 1067 425 commas
1083 361 1243 416 omne.

269 539 353 602 licae
377 537 498 621 potuit,
515 542 556 600 ut
570 557 640 612 vos,
658 536 719 620 qui
742 534 842 599 modo
864 542 943 599 ante
967 535 1093 600 ostium
1118 535 1364 604 Tiberinum

271 642 412 707 classem
428 640 576 705 hostium
594 640 771 715 videbatis,
788 640 812 702 ii
829 660 918 704 nunc
936 639 1063 704 nullam
1083 640 1172 705 intra
1190 639 1362 704 Oceani

215 747 392 812 Mustium
409 743 614 829 praedonum
640 764 762 808 navem
778 765 848 808 csse
875 742 1044 808 audiatis?
1091 744 1209 828 Atque
1240 744 1359 808 haec

269 871 337 935 qua
363 849 534 914 celeritate
558 854 656 935 gesta
680 848 760 924 sint,
788 867 992 932 quamquam
1010 847 1144 924 videtis,
1161 857 1296 913 tamen
1329 870 1356 911 a

216 971 245 1015 ao
266 976 319 1020 me
336 956 371 1017 in
394 952 536 1017 dicendo
553 951 799 1037 praetereunda
814 972 881 1015 non
897 959 989 1015 sunt.
1038 951 1125 1030 Quis
1141 954 1232 1016 enim
1258 975 1356 1017 unr-

270 1079 371 1143 quam
395 1064 455 1121 aut
481 1055 626 1121 obeundi
654 1056 782 1142 negotii
810 1064 871 1119 aut
898 1056 1127 1141 consequendi
1155 1065 1349 1141 quaestus

267 1162 381 1228 studio
397 1170 467 1226 tam
482 1160 575 1226 brevi
592 1169 741 1244 tempore
768 1167 819 1224 tot
845 1160 918 1224 loca
942 1161 1172 1237 adnatantes
1196 1183 1347 1226 cursus

268 1267 429 1331 conficere
469 1266 590 1350 potuit,
623 1286 723 1349 quam
757 1265 911 1330 celeriter
943 1264 1005 1330 On.
1038 1265 1198 1350 Pompeio
1232 1266 1344 1332 duce

268 1372 356 1435 tanti
372 1370 451 1435 belli
468 1371 615 1454 impetus
632 1367 831 1455 navigavit?
857 1370 917 1454 qui
941 1369 1089 1433 nondum
1114 1372 1343 1455 tempestivo

215 1491 245 1536 35
266 1475 309 1539 ad
325 1473 554 1560 navigandum
571 1474 653 1537 mari
670 1471 820 1537 Siciliam
836 1472 929 1550 adiit,
947 1473 1097 1539 Africam
1116 1475 1337 1559 exploravit,

249 1629 251 1632 Α
269 1581 304 1642 in
320 1577 506 1643 Sardiniam
523 1599 601 1642 cum
617 1578 722 1642 classe
740 1579 835 1644 venit
859 1587 961 1663 atque
984 1578 1064 1643 haec
1081 1579 1146 1642 tria
1170 1578 1339 1643 frumen-

268 1684 352 1747 taria
375 1682 524 1747 subsidia
540 1681 587 1747 rei
604 1681 758 1766 publicae
785 1683 982 1748 firmissimis
1007 1682 1181 1768 praesidiis
1205 1683 1334 1747 classi-

215 1791 255 1854 ³5
268 1788 397 1873 busque
425 1788 582 1853 munivit.
631 1787 715 1853 Inde
745 1810 821 1853 cum
851 1810 885 1853 se
910 1790 944 1851 in
961 1788 1093 1852 Italiam
1124 1789 1328 1872 recepisset,

268 1893 398 1958 duabus
425 1893 599 1978 Hispaniis
623 1899 660 1958 et
688 1892 802 1957 Gallia
828 1892 1050 1976 Transalpina
1078 1891 1257 1977 praesidiis
1284 1914 1328 1956 ac

215 2013 246 2058 ro
267 1997 408 2063 navibus
431 1998 635 2073 confirmata,
657 1998 767 2061 missis
791 1997 871 2061 item
888 1997 921 2059 in
940 2017 1029 2060 oram
1059 1995 1188 2082 Illyrici
1214 1997 1324 2060 maris

268 2111 303 2167 et
329 2104 364 2166 in
391 2103 554 2167 Achaiam
584 2123 786 2186 omnemque
817 2099 992 2165 Graeciam
1021 2099 1165 2166 navibus
1197 2100 1323 2165 ltaliae

265 2207 333 2272 duo
349 2208 452 2271 maria
473 2208 628 2270 maximis
657 2205 821 2270 classibus
850 2205 1113 2289 firmissimisque
1140 2205 1321 2289 praesidiis

267 2309 453 2385 adornavit,
470 2310 540 2394 ipse
560 2317 676 2373 autem
692 2317 732 2372 ut
748 2308 931 2372 Brundisio
948 2308 1118 2392 profectus
1135 2315 1196 2383 est,
1214 2307 1322 2371 unde-

268 2415 549 2500 quinquagesimo
572 2413 626 2478 die
651 2422 756 2478 totam
773 2413 816 2477 ad
831 2413 1007 2497 imperium
1032 2413 1149 2497 populi
1173 2412 1318 2476 Romani

215 2535 244 2578 45
268 2518 420 2582 Ciliciam
448 2516 623 2593 adiunxit;
648 2531 775 2594 omnes,
794 2517 854 2602 qui
883 2516 1009 2601 ubique
1038 2516 1220 2600 praedones
1245 2515 1319 2579 fue·

267 2631 355 2698 runt,
388 2623 509 2706 partim
540 2623 630 2707 capti
662 2621 902 2706 interfectique
933 2628 1023 2697 sunt,
1054 2621 1174 2705 partim
1212 2621 1314 2683 unius

268 2727 368 2790 huius
383 2747 419 2790 se
447 2727 584 2810 imperio
607 2747 645 2790 ac
670 2711 830 2811 potestati
858 2724 1071 2790 dediderunt.
1118 2724 1210 2788 Idem
1239 2723 1315 2788 Ore·

144 2860 147 2867 ·
268 2829 428 2907 tensibus,
455 2851 531 2894 cum
556 2829 600 2894 ad
626 2853 703 2895 eum
731 2851 841 2916 usque
868 2831 902 2892 in
928 2829 1160 2915 Pamphyliam
1184 2830 1311 2914 legatos

266 2934 564 3020 deprecatoresque
591 2935 770 3010 misissent
787 2957 878 3020 spem
903 2928 1088 2998 deditionis
1105 2955 1171 2996 non
1188 2931 1311 2996 ademit

215 3053 245 3097 50
267 3038 466 3123 obsidesque
497 3040 681 3124 imperavit.
730 3039 785 3103 Ita
809 3046 943 3103 tantum
975 3036 1112 3112 bellum,
1145 3045 1212 3101 tam
1241 3034 1309 3099 diu·

268 3150 416 3220 turnum,
433 3150 501 3207 tam
516 3144 616 3229 longe
640 3143 776 3227 lateque
794 3141 994 3227 dispersum,
1012 3163 1080 3225 quo
1095 3140 1184 3206 bello
1199 3160 1306 3204 omnes

267 3253 385 3333 gentes
401 3268 438 3311 ac
454 3248 606 3312 nationes
622 3247 868 3331 premebantur,
886 3245 948 3309 Cn.
967 3227 1149 3329 Pompeius
1164 3253 1306 3309 extrema

268 3351 375 3416 hieme
401 3353 584 3436 apparavit,
611 3352 750 3416 ineunte
774 3372 850 3414 vere
875 3350 1035 3434 suscepit,
1053 3348 1163 3413 media
1188 3355 1302 3414 aestate

267 3454 422 3520 confecit.

214 3562 255 3624 36
310 3577 392 3624 xm.
425 3560 489 3625 Est
503 3560 584 3625 hacc
600 3560 715 3626 divina
730 3567 833 3645 atque
858 3558 1064 3624 incredibilis
1081 3558 1191 3624 virtus
1214 3558 1301 3642 impe·

269 3667 393 3730 ratoris.
444 3665 559 3745 Quid?
582 3673 720 3741 ceterae,
738 3685 822 3749 quas
847 3665 947 3748 paulo
963 3670 1041 3727 ante
1058 3681 1300 3728 commemorare

269 3791 451 3854 coeperam,
483 3777 628 3854 quantae
660 3777 763 3852 atque
796 3789 898 3853 quam
930 3765 1057 3832 multae
1088 3766 1189 3832 suntl
1232 3765 1297 3830 Non

269 3876 358 3938 enim
385 3873 532 3940 bellandi
562 3875 669 3938 virtus
696 3873 807 3936 solum
823 3873 857 3934 in
874 3893 1005 3936 summo
1021 3893 1059 3936 ac
1083 3872 1229 3956 perfecto
1248 3871 1298 3934 im·
