2800 4367
155 306 196 371 46
473 318 545 367 rao
568 317 598 366 1..
623 316 784 367 nunnus
807 316 957 367 oarrro.

204 497 257 555 est
272 491 432 555 incertius
448 490 562 575 vulgo,
579 488 663 551 nihil
679 487 854 552 obscurius
870 488 1046 552 voluntate
1069 489 1259 566 hominum,

156 612 183 656 rs
206 594 288 657 nihil
312 593 465 657 fallacius
489 594 616 657 ratione
642 600 714 656 tota
736 592 957 655 comitiorum.
1005 592 1091 671 Quis
1115 593 1152 655 L.
1176 594 1261 656 Phi-

205 699 333 782 lippum
357 718 488 762 summo
512 697 657 782 ingenio,
686 716 795 780 opera,
820 697 936 781 gratia,
961 696 1138 772 nobilitate
1161 720 1181 762 a
1205 698 1256 761 M.

206 803 378 877 Herennio
408 802 556 886 superari
588 822 683 885 posse
711 799 891 864 arbitratus
918 801 996 864 est?
1028 802 1105 884 quis
1127 801 1168 879 Q..
1193 801 1259 864 Ca-

108 928 112 937 ·
206 908 316 972 tulum
340 906 559 981 humanitate,
584 904 759 989 sapientia,
776 905 971 989 integritate
996 906 1255 969 antecellentem

206 1012 302 1077 aOn.
320 1010 461 1074 Mallio?
482 1010 558 1095 quis
574 1002 621 1071 M.
634 1008 806 1082 Scaurum,
823 1007 992 1071 hominem
1007 1010 1255 1093 gravissimum,

154 1133 183 1177 ao
205 1118 311 1180 civem
327 1117 510 1201 egregium,
527 1113 749 1177 fortissimum
765 1120 963 1186 senatorem,
979 1134 999 1174 a
1016 1112 1058 1190 Q.
1077 1112 1254 1186 Maxima?

206 1220 281 1283 Non
305 1219 403 1283 modo
427 1219 545 1282 horum
573 1218 657 1279 nihil
685 1218 733 1281 ita
760 1215 831 1281 iore
857 1223 1014 1301 putatum
1040 1223 1101 1292 est,
1126 1217 1254 1282 sedne

205 1346 281 1387 cum
298 1330 386 1387 esset
408 1321 537 1386 factum
559 1321 708 1405 quidem,
732 1343 836 1405 quare
861 1321 909 1384 ita
932 1319 1060 1384 iactum
1084 1328 1181 1396 essct,
1206 1322 1256 1384 in-

206 1428 321 1513 tellegi
351 1428 473 1511 potuit.
520 1426 615 1501 Nam,
650 1432 691 1489 ut
721 1433 938 1510 tempestates
961 1446 1060 1509 saepe
1084 1433 1174 1489 certo
1196 1425 1256 1489 ali-

205 1552 273 1615 quo
298 1532 381 1595 caeli
405 1532 501 1616 signo
526 1537 788 1605 commoventur,
821 1550 919 1614 saepe
950 1530 1132 1614 improviso
1159 1531 1255 1594 nulla

154 1652 182 1696 25
205 1658 246 1700 ex
270 1643 360 1699 certa
390 1636 517 1698 ratione
550 1634 691 1698 obscura
718 1635 833 1719 aliqua
857 1656 900 1697 ex
925 1655 1026 1698 causa
1049 1636 1253 1710 excitantur,

87 1726 88 1729 ¹
205 1740 252 1803 sic
283 1740 317 1801 in
348 1739 408 1803 hac
439 1740 648 1803 comitiorum
678 1744 877 1823 tempestate
905 1739 1061 1823 populari
1085 1760 1183 1823 saepe
1206 1741 1255 1803 in-

205 1845 354 1929 tellegas,
390 1865 456 1927 quo
487 1844 583 1929 signo
615 1852 781 1908 commota
811 1845 866 1918 sit,
898 1865 996 1928 saepe
1027 1845 1075 1907 ita
1112 1844 1254 1908 obscura

152 1952 191 2013 37
203 1956 262 2023 est,
280 1956 320 2011 ut
335 1968 414 2011 casu
430 1949 576 2011 excitata
599 1970 671 2012 esse
697 1948 864 2012 videatur.
912 1964 1019 2011 xvffl.
1051 1947 1118 2012 Sed
1140 1956 1250 2013 tamen

205 2054 232 2115 si
259 2058 311 2115 est
326 2050 495 2115 reddenda
510 2053 604 2127 ratio,
622 2050 708 2115 duae
726 2073 777 2115 res
798 2051 1015 2116 vehementer
1037 2052 1072 2113 in
1095 2058 1252 2136 praetura

204 2154 411 2219 desideratae
441 2162 531 2229 sunt,
566 2176 651 2239 quae
682 2155 797 2220 ambae
829 2156 864 2218 in
896 2156 1074 2220 consulatu
1106 2158 1249 2220 multum

205 2260 365 2324 Murenae
388 2257 599 2343 profuerunt,
618 2281 685 2323 una
707 2260 898 2344 expectatio
924 2262 1082 2337 muneris
1108 2282 1194 2347 quae
1207 2269 1253 2326 ct

167 2380 182 2424 5
204 2385 335 2428 rumore
360 2384 425 2427 non
458 2363 552 2426 nullo
583 2371 618 2427 et
647 2363 769 2429 studiis
794 2366 1071 2450 sermonibusque
1096 2367 1253 2451 competi·

205 2476 314 2531 torum
341 2474 500 2543 creverat,
524 2469 639 2543 altera,
669 2469 760 2553 quod
783 2470 817 2545 ii,
842 2492 927 2555 quos
950 2472 985 2533 in
1013 2472 1184 2555 provincia
1214 2493 1251 2535 ac

205 2572 370 2656 legatione
394 2573 502 2635 omnis
525 2578 561 2635 et
592 2558 801 2637 liberalitatis
826 2583 861 2638 et
887 2576 1024 2639 virtutis
1052 2597 1131 2640 suae
1157 2576 1251 2639 testis

204 2675 374 2750 habuerat,
403 2675 553 2738 nondum
583 2676 803 2741 decesserant.
851 2678 982 2742 Horum
1015 2687 1196 2764 utrumque
1220 2680 1251 2742 ei

204 2779 339 2843 fortuna
362 2778 403 2842 ad
429 2781 622 2872 consulatus
649 2783 846 2864 petitionem
870 2786 1063 2848 reservavit.
1110 2785 1194 2847 Nam
1218 2791 1253 2847 et

154 2884 242 2946 1011.
267 2884 402 2947 Luculli
433 2884 611 2957 exercitus
637 2887 695 2969 qui
724 2885 767 2949 ad
798 2888 1007 2971 triumphum
1039 2894 1250 2960 convenerat,

205 2989 292 3053 idem
323 2988 467 3052 comitiis
503 2987 539 3049 L.
573 2988 736 3054 Murenae
774 2999 906 3074 praesto
946 2992 1023 3064 fuit,
1058 3000 1093 3055 et
1128 3013 1251 3056 munus

204 3093 456 3176 amplissimum,
474 3090 566 3175 quod
588 3093 708 3176 petitio
732 3100 906 3177 praeturae
933 3094 1146 3171 desiderarat,
1163 3117 1253 3179 prae·

153 3200 192 3261 38
202 3204 277 3259 tura
308 3197 466 3260 restituit.
512 3195 604 3259 Num
637 3196 698 3261 tibi
730 3197 810 3261 haec
842 3218 945 3281 parva
972 3196 1132 3262 videntur
1161 3198 1253 3260 adiu-

206 3308 317 3365 menta
340 3307 375 3365 et
394 3300 545 3365 subsidia
568 3301 774 3376 consulatus,
792 3301 949 3364 voluntas
965 3298 1134 3362 militum?
1164 3320 1251 3382 quae

154 3422 182 3467 15
205 3427 281 3470 cum
312 3427 372 3488 per
394 3427 429 3470 se
453 3406 545 3471 valet
570 3404 800 3480 multitudine,
818 3426 894 3467 cum
918 3403 1009 3487 apud
1031 3424 1109 3467 suos
1133 3405 1251 3490 gratia,

205 3515 278 3571 tum
303 3527 383 3571 vero
409 3507 445 3570 in
469 3506 606 3571 consule
629 3504 830 3569 declarando
853 3505 998 3568 multum
1029 3505 1130 3570 etiam
1162 3505 1251 3589 apud

206 3612 401 3694 universum
427 3610 589 3695 populum
618 3610 806 3674 Romanum
829 3612 1039 3675 auctoritatis
1062 3609 1163 3675 habet
1185 3609 1253 3673 suf·

206 3716 348 3803 fragatio
370 3716 540 3789 militaris,
565 3715 779 3799 imperatores
798 3717 887 3780 enim
911 3717 1053 3779 comitiis
1074 3715 1253 3779 consulari·

208 3821 280 3896 buS,
315 3842 384 3884 non
419 3819 596 3885 verborum
635 3822 836 3905 interpretes
877 3819 1084 3907 deliguntur.
1140 3819 1251 3898 Quare
