2800 4367
490 372 570 428 cnr.
594 373 682 438 asso,
707 372 721 439 s
744 371 831 429 resa
1163 355 1226 428 att

95 548 235 614 Huius
262 569 346 634 ergo
373 545 569 625 interfector
590 549 625 637 si
635 555 734 623 essct,
751 549 786 610 in
810 545 1001 613 confitendo
1023 545 1065 610 ab
1092 547 1174 611 iisne

97 675 267 740 poenam
299 653 444 728 timeret,
472 672 557 735 quos
586 651 819 716 liberavisset?
876 651 995 716 Graeci
1026 649 1228 716 homines80

100 759 266 824 deorum
281 757 423 821 honores
440 755 596 820 tribuunt
610 756 652 819 iis
668 756 759 830 viris,
776 757 835 841 qui
855 763 1015 842 tyrannos
1040 776 1176 819 necave-

21 898 22 905 κ
103 871 210 927 runt.
265 849 381 946 <Quae
408 881 471 946 ego
495 858 567 924 vidi
594 858 752 936 Athenis,
770 881 856 943 quae
880 858 953 924 aliis
979 860 1014 922 in
1036 857 1175 924 urbibus

106 965 309 1035 Graeciae!
333 986 417 1050 quas
433 985 486 1028 res
501 962 634 1028 divinas
650 962 775 1028 talibus
791 964 965 1028 institutas
983 963 1074 1039 viris,
1091 983 1176 1048 quos
1199 978 1229 1024 ³0

107 1079 256 1147 cantus,
287 1091 373 1155 quae
404 1066 574 1133 carmina!
635 1066 747 1152 Prope
777 1067 820 1131 ad
850 1066 1109 1131 immortalitatis
1141 1073 1176 1131 et

109 1176 325 1260 religionem
340 1181 376 1238 et
390 1172 584 1237 memoriam
599 1173 858 1254 consecrantur)
873 1196 881 1247 ;
906 1193 965 1237 vos
988 1171 1074 1234 tanti
1101 1191 1176 1234 oon-

110 1287 329 1343 servatorem
358 1278 487 1362 populi,
515 1276 604 1341 tanti
634 1277 770 1341 sceleris
804 1276 947 1340 ultorem
978 1296 1045 1338 non
1076 1273 1174 1338 modo

112 1381 308 1448 honoribus
338 1381 444 1446 nullis
473 1380 637 1457 afficietis,
668 1380 729 1445 sed
767 1381 868 1445 etiam
899 1378 940 1442 ad
971 1379 1174 1463 supplicium

21 1474 22 1533 ἶ
113 1488 195 1572 rapi
223 1486 423 1571 patiemini?
468 1484 706 1562 eonfiteretur,
732 1485 957 1558 confiteretur,
982 1483 1134 1567 iuquam·
1147 1484 1175 1547 si
1199 1502 1228 1547 35

115 1591 272 1667 fecisset,
288 1598 324 1655 et
348 1611 469 1676 magno
496 1590 609 1654 animo
636 1596 672 1654 et
696 1588 840 1654 libenter
866 1586 987 1652 fecisse
1014 1609 1048 1651 se
1080 1587 1176 1651 liber·

116 1696 204 1759 tatis
236 1697 385 1758 omnium
412 1714 522 1769 causa,
551 1693 643 1778 quod
673 1700 761 1758 esset
787 1694 817 1758 ei
847 1715 915 1757 non
946 1690 1175 1756 confitendum

21 1870 22 1883 χ
118 1799 235 1876 modo,
248 1821 366 1864 verum
381 1799 482 1863 etiam
497 1796 769 1882 praedicandum.
815 1814 906 1860 xxx.
939 1796 1084 1872 Etenim,
1096 1796 1125 1859 si
1141 1795 1176 1860 id
1187 1798 1225 1862 81

21 1892 22 1929 ³
119 1927 193 1968 non
208 1911 321 1990 negat,
337 1925 380 1967 ex
396 1924 463 1987 quo
486 1902 572 1966 nihil
593 1904 692 1987 petit,
710 1902 774 1966 nisi
798 1909 838 1966 ut
861 1898 1064 1988 ignoscatur,
1082 1899 1176 1966 dubi-

120 2016 213 2073 taret
243 2005 413 2084 idioten,
441 2029 484 2072 ex
512 2028 580 2091 quo
610 2007 712 2071 etiarn
744 2007 890 2090 praemia
920 2005 1030 2070 landis
1063 2013 1175 2071 essent

120 2111 294 2196 petenda?
309 2112 373 2176 nisi
389 2133 470 2177 vero
485 2112 615 2197 gratius
630 2117 730 2195 putat
745 2131 816 2174 csse
830 2109 925 2174 vobis
937 2111 990 2174 sui
1006 2132 1041 2174 se
1054 2110 1172 2194 capitis

122 2238 227 2300 quarn
250 2216 353 2280 vestri
375 2214 585 2280 defensorem
610 2214 736 2289 fuisse3
760 2236 837 2278 oum
861 2215 1055 2298 praesertim
1078 2215 1113 2275 iu
1138 2232 1213 2277 eac

122 2319 345 2396 confessione,
371 2321 401 2384 si
427 2321 516 2406 grati
543 2341 614 2383 esse
642 2319 786 2395 velletis
815 2319 956 2384 honores
986 2340 1176 2402 assequere·

123 2434 183 2488 tur
219 2424 451 2509 amplissimos.
515 2422 550 2487 Si
580 2423 710 2487 iactum
741 2423 834 2488 vobis
874 2445 940 2486 non
979 2423 1176 2508 probaretur

127 2532 352 2614 (quamquam
380 2528 440 2612 qui
466 2534 597 2612 poterat
611 2528 703 2591 salus
734 2548 795 2590 sua
825 2529 982 2611 cuiquam
1014 2549 1079 2590 nou
1104 2549 1175 2610 pro

124 2634 253 2716 baril),
271 2631 331 2697 sed
346 2639 460 2696 tamen
475 2632 505 2696 si
520 2633 630 2695 minus
647 2630 825 2696 fortissimi
841 2633 904 2696 viri
921 2633 1029 2695 virtus
1046 2630 1174 2696 civibus

125 2746 222 2824 grata
237 2736 423 2812 cecidisset,
440 2758 561 2822 magno
583 2737 695 2800 animo
719 2737 954 2820 constantique
978 2735 1111 2800 cederet
1134 2757 1176 2800 ex
1200 2748 1229 2794 lo

126 2845 259 2928 ingrata
269 2842 418 2906 civitate.
464 2840 551 2905 Nam
564 2840 648 2925 quid
664 2848 753 2905 esset
768 2841 931 2927 ingratius
945 2862 1046 2924 quam
1058 2840 1175 2904 laetari

127 2956 263 3022 ceteros,
276 2946 392 3032 lugere
405 2967 483 3009 eum
498 2945 618 3021 solum,
631 2953 769 3030 propter
781 2967 880 3029 quem
896 2946 999 3010 ceteri
1015 2945 1175 3009 laetaren-

127 3052 207 3115 tur?
255 3050 470 3134 Quamquam
486 3049 548 3114 hoc
564 3050 676 3114 animo
698 3072 829 3134 semper
852 3071 965 3115 omues
990 3048 1118 3112 fuimus
1142 3049 1229 3112 insa

127 3158 251 3240 patriae
283 3154 509 3241 proditoribus
540 3154 778 3240 opprimendis
803 3163 851 3231 ut,
876 3155 1034 3239 quoniam
1062 3161 1175 3216 nostra

127 3259 242 3324 futura
258 3267 346 3324 esset
361 3260 478 3345 gloria,
495 3259 682 3344 periculum
701 3281 838 3344 quoqne
863 3267 898 3324 et
920 3259 1082 3324 invidiam
1106 3278 1178 3320 uos·
1201 3271 1228 3315 15

127 3372 210 3433 tram
233 3372 440 3450 putaremus.
489 3363 575 3427 Nam
599 3385 684 3448 quae
708 3364 789 3427 mihi
813 3365 876 3448 ipsi
901 3362 1078 3428 tribuenda
1100 3362 1174 3426 laus

127 3479 223 3547 esset,
240 3491 318 3534 cum
333 3476 469 3534 tantum
483 3469 519 3531 in
536 3470 713 3533 consulatu
730 3491 802 3533 meo
819 3490 878 3553 pro
894 3467 987 3532 vobis
1004 3489 1041 3531 ac
1063 3467 1175 3532 liberis

127 3576 247 3638 vestris
271 3595 373 3638 ausus
397 3595 513 3649 essem,
530 3574 558 3636 si
578 3572 623 3650 id,
640 3572 732 3657 quod
756 3572 908 3648 conabar,
925 3573 996 3637 sine
1021 3573 1174 3635 maximis

128 3675 398 3743 dimicationibus
414 3679 495 3742 meis
512 3700 564 3742 me
578 3700 649 3742 esso
662 3699 824 3742 ausurum
840 3676 1038 3741 arbitrarer?
1079 3675 1174 3754 Quae

128 3784 247 3847 mulier
261 3781 463 3847 sceleratum
479 3803 517 3846 ac
535 3783 759 3867 perniciosum
777 3783 883 3846 civem
901 3780 1085 3844 interficere
1110 3801 1177 3843 uon
1199 3791 1229 3835 20

128 3886 275 3965 auderet,
292 3887 322 3951 si
337 3888 524 3972 periculum
544 3909 611 3950 uon
635 3886 791 3951 timeret?
838 3885 1014 3969 Proposita
1038 3883 1175 3960 invidia,
