2800 4367
508 392 589 448 OAP.
613 392 672 461 aa,
694 394 710 460 §
731 392 819 451 12-1ἶ,
1209 381 1228 446 'i

131 565 233 640 Tullo
258 564 450 629 consulibus
475 565 607 629 stetisse
631 566 667 628 in
690 565 827 629 comitio
850 586 927 628 cum
948 565 1025 640 telo,
1043 587 1177 628 manum
1201 582 1229 625 25

130 669 307 733 consulum
324 676 359 732 ct
374 669 563 752 principum
579 668 726 733 civitatis
749 668 1056 732 interficiendorum
1080 691 1178 733 causa

129 774 309 857 paravisse,
328 772 445 837 sceleri
460 794 497 836 ac
514 771 619 835 furori
636 780 695 835 tuo
711 794 779 835 non
795 779 941 836 mentem
957 773 1103 857 aliquam
1119 781 1179 836 aut

131 878 282 941 timorem
298 884 406 961 tuum,
423 874 483 939 scd
498 875 668 939 fortunam
683 876 801 960 populi
825 876 966 940 Romani
984 876 1178 941 obstitisse?

130 982 183 1045 Ac
199 983 265 1045 iam
281 981 339 1043 illa
364 979 483 1043 omitto
512 982 640 1063 (neque
667 980 756 1043 enim
781 988 862 1044 sunt
882 987 942 1044 aut
966 979 1104 1044 obscura
1119 988 1179 1043 aut

130 1106 197 1148 non
213 1085 320 1148 multa
337 1084 511 1148 commissa
536 1084 695 1167 postea);
724 1084 881 1167 quotiens
905 1091 943 1147 tu
960 1106 1012 1148 me
1029 1083 1179 1170 designa·
1200 1100 1230 1143 ac

131 1199 213 1265 tum,
242 1189 397 1273 quotiens
429 1188 600 1251 consulem
627 1186 814 1252 interficere
845 1197 984 1251 conatus
1009 1186 1065 1251 cs!
1093 1195 1178 1272 quot

131 1314 193 1377 ego
218 1299 292 1356 tuas
316 1293 495 1376 petitiones
523 1292 572 1354 ita
600 1292 777 1367 coniectas
798 1299 838 1354 ut
865 1293 964 1355 vitari
990 1314 1087 1375 posse
1110 1314 1177 1356 non

130 1395 334 1469 viderentur,
362 1416 465 1479 parva
495 1394 640 1480 quadarn
669 1394 895 1459 declinatione
926 1402 970 1470 et,
1002 1403 1041 1457 ut
1071 1396 1176 1470 aiunt,

129 1522 265 1584 corpore
290 1498 416 1585 effugii
450 1499 544 1563 Nihil
571 1498 765 1584 adsequeris
793 1507 1041 1583 neque-tamen
1065 1500 1176 1562 conari

129 1625 166 1667 ac
183 1604 269 1668 velle
286 1603 430 1668 desistis.
478 1602 644 1682 Quotiens
660 1602 723 1667 tibi
739 1603 805 1666 iam
821 1610 954 1668 extorta
966 1610 1017 1667 est
1033 1604 1096 1666 ista
1110 1604 1178 1667 sica
1191 1606 1229 1668 16

129 1707 169 1772 de
186 1707 349 1783 1111111111,
367 1708 523 1791 quotiens
548 1706 676 1771 excidit
695 1728 775 1771 casu
797 1707 911 1792 aliquo
928 1714 963 1770 et
978 1707 1092 1790 elapsa
1106 1705 1176 1770 1111
1199 1722 1229 1767 aa

129 1832 213 1895 quae
231 1811 368 1896 quidem
393 1798 514 1895 quibus
539 1811 596 1876 abs
612 1819 646 1876 11
663 1811 796 1874 initiata
811 1811 914 1874 sacris
930 1832 968 1874 ac
984 1810 1106 1874 devota
1121 1811 1176 1885 sit,

129 1916 250 1990 nescio,
267 1914 359 1999 quod
374 1936 447 1979 eam
464 1937 597 1980 necesse
613 1923 712 1999 putas
728 1936 799 1979 esse
817 1916 849 1976 in
872 1915 1019 1978 consulis
1041 1935 1176 1997 corpore

129 2018 282 2104 defigere.
309 2036 373 2081 VH.
391 2014 490 2083 Nunc
501 2041 580 2083 vero
593 2040 678 2103 quae
691 2025 814 2083 tuaest
825 2018 994 2082 istavita?
1023 2016 1077 2081 Sic
1087 2018 1177 2081 enim

128 2124 192 2185 iam
216 2130 328 2186 tecum
351 2123 478 2207 loquar,
504 2144 572 2187 non
597 2131 637 2187 ut
659 2122 735 2187 odio
759 2129 931 2207 permotus
956 2144 1027 2186 esse
1051 2121 1175 2197 videar,

129 2247 196 2310 quo
212 2225 326 2302 debeo,
343 2226 403 2290 sed
418 2235 458 2291 ut
473 2227 708 2303 misericordia,
729 2247 814 2311 quae
832 2226 892 2289 tibi
914 2226 1009 2288 nulla
1024 2225 1173 2289 debetur.

129 2330 263 2394 Venisti
279 2331 379 2414 paulo
403 2339 480 2395 ante
504 2332 538 2394 in
562 2339 726 2396 senatum.
773 2330 859 2410 Quis
882 2337 974 2422 telex
997 2329 1059 2393 hac
1083 2337 1177 2393 tanta

129 2433 328 2518 frequentia,
346 2442 464 2518 totque
482 2436 549 2499 tuis
570 2437 684 2499 amicis
708 2457 745 2499 ac
769 2436 966 2499 necessariis
989 2436 1177 2500 salutavit?
1213 2453 1227 2496 5

129 2537 163 2601 Si
180 2538 242 2602 hoc
258 2545 333 2622 post
353 2538 526 2601 hominum
551 2540 742 2603 memoriam
766 2540 911 2626 contigit
933 2542 1068 2617 nemini,
1086 2542 1176 2605 vocis

128 2651 284 2727 expectas
301 2644 548 2718 contumeliam,
565 2666 641 2707 cum
663 2646 709 2708 sis
731 2646 929 2731 gravissimo
952 2645 1076 2710 iudicio
1099 2648 1178 2710 taci-
1211 2654 1213 2658 ’

128 2748 299 2811 turnitatis
331 2747 534 2831 oppressus?
581 2746 681 2826 Quid,
715 2747 806 2833 quod
842 2750 990 2814 adventu
1022 2758 1082 2815 tuo
1112 2752 1177 2815 ista

128 2850 286 2914 subsellia
308 2850 503 2915 vacuefacta
524 2858 614 2926 sunt,
639 2851 730 2935 quod
754 2875 869 2917 omnes
894 2855 1093 2932 consulares,
1116 2858 1176 2941 qui

129 2954 188 3018 tibi
204 2976 360 3047 persaepe
377 2955 420 3018 ad
436 2955 569 3020 caedem
586 2958 763 3022 constituti
785 2957 934 3034 fuerunt,
951 2960 1051 3023 simul
1074 2967 1175 3045 atque
1200 2977 1227 3020 10

129 3056 296 3133 1111111111,
321 3067 447 3141 partem
472 3062 570 3124 istam
595 3061 832 3127 subselliorum
856 3063 981 3127 nudam
1004 3073 1105 3149 atque
1129 3066 1176 3127 in-

128 3183 224 3224 anem
254 3163 473 3245 reliquerunt‚
498 3187 565 3248 quo
594 3166 730 3231 tandem
761 3168 871 3230 animo
903 3167 963 3232 tibi
995 3168 1174 3232 ferundum

129 3266 253 3349 putas?
298 3265 393 3331 Servi
416 3267 603 3333 mehercule
627 3272 692 3334 mei
717 3272 744 3335 si
772 3293 822 3335 me
844 3272 909 3334 isto
930 3279 1028 3355 pacto
1051 3277 1226 3338 metue-17

129 3377 311 3445 11111111
328 3378 485 3436 metuunt
501 3395 614 3437 omnes
627 3376 717 3439 cives
733 3376 795 3450 tui,
806 3374 941 3437 domum
958 3398 1062 3439 meam
1080 3377 1176 3441 relin-

128 3474 294 3558 quendam
311 3482 485 3558 putarem3
510 3486 547 3540 tu
565 3478 625 3541 tibi
643 3478 757 3542 urbem
774 3502 840 3542 non
865 3479 1056 3543 arbitraris?
1086 3489 1130 3557 et,
1147 3483 1175 3545 si
1200 3497 1227 3541 15

55 3567 66 3579 ⁸
129 3600 178 3641 me
199 3579 280 3643 meis
299 3579 429 3644 civibus
449 3582 570 3643 iniuria
592 3591 786 3665 suspectum
810 3591 878 3645 tam
905 3586 1052 3669 graviter
1073 3594 1174 3670 atque

128 3681 293 3745 offensum
315 3683 473 3760 viderem,
490 3705 600 3748 carere
622 3707 673 3749 me
697 3694 835 3769 aspectu
860 3688 984 3751 civium
1008 3710 1108 3772 quam
1130 3691 1176 3752 in-

128 3786 221 3850 festis
244 3788 395 3850 omnium
418 3788 523 3851 oculis
547 3790 692 3873 conspici
717 3777 869 3864 mallem3
892 3801 930 3854 tu
954 3814 1030 3854 cum
1053 3794 1176 3856 consci-

128 3891 217 3953 cntia
233 3892 396 3956 scelerum
414 3900 549 3955 tuorum
566 3915 727 3979 agnoscas
745 3894 859 3957 odium
876 3895 1025 3957 omnium
1047 3897 1174 3958 iustum

220 4106 244 4138 ff
