2800 4367
558 317 639 368 cnr.
663 318 720 380 aa,
745 318 759 379 0
784 319 869 368 1010.
1211 305 1274 368 103

171 488 363 572 perieulum
390 493 464 552 tum
489 486 626 552 conflari
650 487 844 572 putabatur,
874 488 934 572 qui
962 488 1131 552 Autronio
1155 511 1222 552 non

172 591 368 668 adfuerunt,
397 592 457 676 qui
487 592 523 655 in
553 592 650 657 illum
681 593 874 656 testimonia
904 593 1021 679 gravia
1051 591 1222 669 dixerunt,
1246 608 1275 652 ao

172 694 265 759 hune
291 694 490 772 defendunt,
509 695 587 761 huic
616 694 751 772 adsunt,
768 696 803 758 in
827 695 928 760 huius
948 697 1097 780 periculo
1117 696 1224 760 deela-

173 808 252 864 rant
273 822 308 865 se
331 822 399 864 non
418 801 556 864 erimine
579 800 832 876 coniurationis,
849 822 890 866 ne
912 800 1072 865 adessent
1092 802 1221 878 ceteris,

173 903 235 968 sed
264 904 438 968 hominum
468 905 633 969 malefioio
663 903 842 970 deterritos
873 925 954 970 esse.
1006 904 1076 969 Mei
1107 926 1224 970 oonsu-

173 1008 264 1072 latus
289 1016 402 1073 autem
427 1016 561 1094 tempus
588 1016 623 1073 et
635 1009 770 1074 0111000
796 1010 958 1074 maximae
982 1010 1222 1074 coniurationis

173 1133 194 1175 a
221 1134 273 1177 nie
299 1111 510 1178 defendetur.
572 1114 689 1198 Atque
715 1113 796 1177 haee
818 1115 981 1178 internos
1003 1114 1139 1198 partitio
1155 1129 1275 1210 nonnas

173 1223 229 1280 est
266 1215 417 1294 fortuito,
459 1217 596 1294 iudices
633 1239 694 1282 nec
732 1223 856 1282 temere
896 1217 1002 1292 faota3
1042 1217 1110 1291 sed,
1145 1239 1221 1280 0010

172 1319 365 1392 videremus
400 1343 517 1386 eorum
550 1322 730 1386 eriminum
766 1342 826 1385 000
866 1329 1022 1406 patronos
1062 1319 1222 1397 adhiberi,

173 1445 320 1507 quorum
335 1432 439 1490 testes
458 1447 530 1491 esse
553 1448 737 1510 possemus,
760 1434 903 1510 uterque
928 1432 1081 1489 nostrum
1103 1424 1137 1489 id
1161 1424 1224 1489 sibi

172 1529 426 1613 suscipiendum
449 1530 595 1614 putavit,
613 1529 654 1594 de
679 1552 747 1615 quo
774 1528 904 1614 aliquid
926 1530 1009 1593 scire
1035 1531 1105 1613 ipse
1121 1538 1223 1613 atque
1246 1544 1276 1590 ae

172 1633 365 1697 existimare
396 1635 569 1718 potuisset.
629 1651 664 1698 v.
697 1635 743 1699 Et
773 1636 931 1719 quoniam
958 1633 998 1697 de
1026 1633 1220 1696 criminibus
1239 1637 1276 1696 14

171 1738 355 1821 superioris
371 1739 611 1802 coniurationis
630 1737 851 1804 Hortensium
872 1738 1053 1823 diligenter
1069 1736 1222 1812 audistis

171 1841 216 1904 de
244 1841 305 1905 hae
336 1843 576 1918 coniuratione,
603 1864 689 1928 quae
721 1865 773 1907 me
801 1843 937 1908 eonsule
962 1841 1051 1905 facta
1075 1849 1136 1917 est,
1160 1840 1223 1904 hoo

171 1945 319 2029 primum
342 1946 518 2010 attendite.

218 2049 342 2126 Multa,
367 2072 444 2113 eum
471 2071 577 2114 essem
604 2051 734 2126 oonsul,
760 2050 801 2115 de
828 2051 967 2115 summis
996 2051 1042 2114 rei
1069 2050 1220 2134 publicae
1260 2063 1275 2108 5

170 2153 333 2238 perieulis
349 2153 475 2230 audivi,
493 2155 601 2218 multa
617 2156 778 2238 quaesivi,
796 2155 903 2218 multa
919 2155 1082 2240 eognovi3
1106 2155 1222 2233 nullus

171 2249 402 2342 umquam'de
430 2257 526 2322 Sulla
554 2260 696 2322 nuntius
725 2257 768 2322 ad
796 2280 858 2334 me,
888 2259 1021 2321 nullum
1050 2257 1222 2332 indicium,

169 2363 287 2426 nullae
318 2362 451 2426 litterae
478 2370 715 2446 pervenerunt,
745 2363 839 2426 nulla
866 2364 1023 2447 suspicis.
1072 2361 1223 2426 Multum

168 2467 254 2530 haee
286 2487 351 2529 vox
390 2465 531 2530 fortasse
563 2467 674 2531 valere
706 2466 843 2531 deberet
874 2468 946 2531 eius
975 2466 1129 2542 hominis,
1163 2466 1223 2549 qui

168 2571 291 2636 consul
329 2571 466 2635 insidias
508 2573 557 2635 rei
599 2571 753 2656 publicae
796 2572 935 2636 oonsilio
974 2572 1221 2657 investigasset,
1246 2585 1275 2630 10

168 2677 317 2740 veritate
356 2677 553 2760 aperuisset,
592 2675 825 2761 magnitudine
864 2675 967 2739 animi
1006 2674 1221 2749 vindicasset,

168 2802 248 2844 eum
272 2781 300 2843 is
324 2801 359 2843 se
383 2779 469 2842 nihil
492 2779 626 2845 audisse
649 2779 691 2845 de
717 2781 755 2844 Ρ.
780 2779 885 2855 Sulla,
910 2780 994 2842 nihil
1018 2780 1226 2864 suspicatum

168 2906 243 2948 esse
260 2883 398 2948 diceret.
444 2882 511 2947 Sed
532 2905 595 2969 ego
614 2883 766 2947 nondum
783 2883 1044 2948 0101110010οο
1068 2882 1110 2946 ad
1133 2881 1222 2945 hune

168 2987 443 3062 defendendum
465 2987 508 3051 ad
524 2988 737 3074 purgandum
755 3009 806 3052 010
824 2989 935 3072 potius
953 2994 1039 3061 utar,
1056 2993 1096 3050 ut
1112 2986 1223 3049 mirari

169 3094 367 3176 Torquatus
398 3090 531 3155 desinat
560 3113 622 3166 me,
654 3093 714 3175 qui
746 3091 914 3153 Autronio
946 3111 1013 3152 uon
1045 3088 1222 3163 adfuerim,
1247 3104 1275 3149 15

169 3196 299 3260 Sullam
334 3193 526 3259 defendere.
574 3194 669 3273 Quae
704 3195 794 3258 euim
830 3193 979 3257 Autroni
1013 3191 1081 3256 fuit
1111 3196 1274 3267 0000015

169 3322 257 3384 quae
290 3298 406 3362 Sullae
438 3299 515 3363 est?
566 3299 631 3381 ille
662 3298 808 3361 ambitus
842 3297 1003 3361 iudicium
1036 3297 1154 3361 tollere
1186 3317 1223 3358 ae

169 3403 363 3468 disturbare
406 3404 552 3487 primum
594 3402 738 3465 conflato
777 3401 887 3465 voluit
925 3400 1150 3486 gladiatorum
1186 3420 1224 3463 00

169 3508 396 3594 fugitivorum
420 3506 585 3582 tumultu,
602 3505 735 3580 deinde,
760 3504 795 3567 id
816 3505 906 3589 quod
928 3503 1074 3568 vidimus
1099 3523 1223 3577 001000,

169 3611 376 3698 lapidatione
401 3619 505 3696 atque
530 3631 715 3684 0000010ος
740 3608 844 3683 Sulla,
868 3609 896 3671 si
920 3607 983 3671 sibi
1007 3629 1089 3671 suus
1114 3606 1223 3692 pudor
1247 3620 1276 3664 20

171 3737 207 3780 ae
231 3711 382 3801 dignitas
406 3735 475 3776 non
499 3712 682 3797 prodesset,
701 3711 834 3773 nullum
851 3710 1018 3772 auxilium
1035 3709 1224 3793 requisivit.

171 3819 233 3883 Ille
257 3819 439 3884 damnatus
462 3819 510 3880 ita
539 3839 576 3880 se
606 3815 744 3902 gerebat
772 3835 838 3876 non
869 3814 978 3878 001001
1011 3813 1159 3876 consiliis
1190 3817 1227 3874 et
