2800 4367
383 318 438 368 nr.
460 317 553 378 xnr,
577 318 592 380 ς
616 315 675 379 1a3
698 315 789 378 xrv,
814 316 828 378 ς
849 317 870 366 r.
1142 300 1205 368 155

95 498 232 562 nemini
260 503 402 561 mortem
434 497 540 582 magis
570 495 751 580 optandam
782 494 898 570 fuisse,
926 493 1023 560 cuius
1053 516 1151 580 cppe-

99 601 227 665 tendae
271 608 406 684 tempus
452 598 725 664 honestissimum
773 599 1044 684 praetermissum
1089 607 1150 676 est,

95 706 235 790 reliqua
256 712 409 789 tempora
437 712 520 768 sunt
548 725 616 767 non
647 711 716 767 tam
746 702 789 766 ad
821 701 1020 768 medicinam
1052 724 1152 788 quam
1176 719 1206 766 ³⁰

96 809 149 874 ad
180 810 277 874 finem
306 807 442 872 doloris.
488 807 540 872 De
569 829 605 872 re
635 805 771 892 publica
801 805 899 872 video
929 814 962 871 te
993 806 1151 893 colligere
1186 810 1206 872 3

98 916 225 990 omnia,
253 935 338 998 quac
367 921 466 998 putes
490 912 638 997 aliquam
664 933 759 995 spem
791 910 872 974 mihi
903 931 999 996 posse
1031 910 1149 977 afferre

98 1016 342 1083 mutandarum
376 1039 508 1092 rerum;
544 1037 640 1101 quae,
672 1036 876 1101 quamquam
908 1015 1032 1101 exigua
1061 1023 1151 1092 sunt,

100 1132 227 1201 tamen,
243 1125 405 1209 quoniam
425 1125 546 1208 placet,
563 1130 789 1208 expectemus.
836 1122 889 1186 Tu
908 1121 1013 1186 nihilo
1030 1123 1149 1200 minus,

100 1230 134 1291 si
160 1229 351 1314 properaris,
376 1250 437 1292 uos
459 1247 682 1312 consequere3
707 1249 784 1291 uam
806 1235 867 1290 aut
896 1226 1091 1292 accedemus
1116 1229 1150 1292 in
1173 1244 1203 1290 aa

102 1333 247 1418 Epirum
268 1344 330 1398 aut
351 1334 445 1399 tarde
468 1355 529 1422 per
552 1331 759 1397 Candaviam
783 1332 913 1397 ibimus.
961 1331 1150 1398 Dubitatic

103 1458 184 1501 nem
205 1447 318 1503 antem
338 1438 380 1504 de
397 1437 500 1522 Epiro
516 1459 583 1502 non
605 1438 831 1502 inconstantia
847 1445 960 1502 nostra
976 1435 1147 1514 afferebat,

104 1541 168 1605 sed
194 1543 285 1627 quod
314 1542 356 1607 de
387 1542 500 1618 fratre,
525 1541 582 1606 ubi
611 1563 689 1606 eum
714 1542 817 1605 visuri
847 1563 1006 1618 sesamae,
1030 1543 1151 1606 nescie-

105 1645 238 1722 bamus3
262 1669 363 1732 quem
387 1647 523 1732 quidem
545 1669 608 1734 ego
631 1649 693 1712 irec
718 1668 785 1732 quo
809 1645 907 1710 modo
931 1647 1065 1711 visurus
1089 1667 1150 1712 nec

48 1833 54 1840 Ι
108 1750 167 1814 ubi
187 1750 382 1816 dimissurus
406 1753 470 1817 sim
485 1753 572 1816 scio:
605 1751 715 1816 idest
738 1751 921 1815 maximnm
947 1758 983 1816 et
1007 1752 1148 1816 miserri·
1171 1767 1202 1813 40

108 1876 197 1920 mum
211 1880 359 1923 mearum
374 1842 525 1923 omnium
544 1860 761 1924 miseriarum.
810 1858 883 1945 Ego
906 1866 941 1924 et
958 1859 1091 1944 saepius
1107 1859 1150 1923 ad

109 1969 144 2024 te
158 1971 190 2026 et
204 1960 299 2048 plura
314 1964 504 2041 scriberem,
521 1966 586 2029 uisi
608 1963 688 2027 mihi
712 1963 807 2027 dolor
828 1983 921 2028 meus
942 1985 1018 2028 cum
1035 1985 1149 2028 omnes

110 2075 213 2148 partes
236 2068 368 2144 mentis,
393 2077 466 2132 tum
490 2070 633 2133 maxime
665 2068 766 2131 huius
797 2069 929 2153 generis
953 2065 1148 2133 facultatem

111 2169 299 2236 ademisset:
332 2172 446 2238 videre
476 2180 510 2237 te
541 2174 651 2258 cupio.
697 2171 799 2250 Cura,
824 2161 1014 2238 ut‘valeas.
1061 2174 1150 2238 Data

113 2293 158 2357 pr.
180 2275 252 2340 Kal.
276 2275 384 2340 Maias
410 2276 593 2343 Brundisii.
1173 2295 1202 2340 45

492 2533 743 2546 ψ

574 2723 674 2789 XIV.

489 2899 548 2957 (Aa
568 2899 640 2946 Fau.
657 2910 714 2945 xiv.
730 2899 766 2955 4.)

119 3059 256 3114 TULLIUS
278 3066 307 3113 S.
331 3065 366 3112 D.
391 3065 603 3113 TERENTIAE
636 3067 681 3113 ET
715 3065 877 3113 TULLIAE
905 3066 950 3113 ET
973 3065 1146 3114 CICERONI

582 3154 671 3201 suls.

172 3311 238 3398 Ego
253 3313 367 3377 minus
393 3333 492 3398 saepe
515 3311 559 3375 dc
581 3311 624 3375 ad
642 3334 701 3377 vos
725 3313 867 3389 litteras,
885 3334 986 3397 quam
1009 3334 1154 3396 possum,
1181 3315 1196 3375 1

120 3422 276 3498 propterea
290 3417 384 3502 quod
398 3439 476 3481 cum
499 3417 611 3480 omnia
634 3416 716 3480 mihi
740 3423 890 3502 tempora
911 3424 994 3482 sunt
1016 3418 1144 3490 misera,

121 3521 180 3580 tum
193 3541 278 3597 vero,
295 3543 373 3585 cum
396 3529 457 3585 aut
478 3520 588 3585 scribo
603 3519 646 3583 ad
662 3541 721 3585 vos
743 3528 802 3584 aut
819 3528 947 3586 vestras
970 3521 1055 3606 lege,
1072 3523 1163 3584 con-¹

40 3636 42 3647 ²
121 3617 197 3685 ficior
209 3612 356 3690 lacrimis
370 3627 428 3701 sic,
446 3633 486 3689 ut
508 3623 594 3688 ferre
618 3647 686 3689 nou
710 3626 844 3710 possim.
893 3623 994 3704 Quod
1018 3625 1148 3688 utinam

41 3806 42 3809 Ἴ
121 3724 214 3791 ninus
223 3730 311 3794 vitae
321 3728 435 3814 cupidi
446 3728 643 3793 fuissemus!
657 3738 746 3793 certe
759 3729 842 3792 nihil
852 3737 911 3793 aut
922 3750 986 3791 non
1001 3729 1147 3792 multum
1184 3743 1198 3786 ⁵

41 3832 44 3899 ’ζ
122 3824 224 3894 invita
239 3833 317 3896 mali
331 3833 542 3898 vidissemus.
589 3832 691 3911 Quod
707 3835 735 3897 si
752 3855 812 3897 nos
828 3832 869 3896 ad
886 3832 1034 3916 aliquam
1046 3832 1146 3898 alicu·
