<?xml version="1.0" encoding="UTF-8"?>
<!DOCTYPE html PUBLIC "-//W3C//DTD XHTML 1.0 Transitional//EN"
    "http://www.w3.org/TR/xhtml1/DTD/xhtml1-transitional.dtd">
<html xmlns="http://www.w3.org/1999/xhtml" xml:lang="en" lang="en">
 <head>
  <title>
</title>
<meta http-equiv="Content-Type" content="text/html;charset=utf-8" />
  <meta name='ocr-system' content='tesseract 3.04.00' />
  <meta name='ocr-capabilities' content='ocr_page ocr_carea ocr_par ocr_line ocrx_word'/>
</head>
<body>
  <div class='ocr_page' id='page_1' title='image "./selectedoration01cicegoog_0285.png"; bbox 0 0 2800 4367; ppageno 0'>
   <div class='ocr_carea' id='block_1_1' title="bbox 461 373 1198 455">
    <p class='ocr_par' dir='ltr' id='par_1_1' title="bbox 461 373 1198 455">
     <span class='ocr_line' id='line_1_1' title="bbox 461 373 1198 455; baseline -0.001 -11"><span class='ocrx_word' id='word_1_1' title='bbox 461 390 542 444; x_wconf 74' lang='lat' dir='ltr'>cnr.</span> <span class='ocrx_word' id='word_1_2' title='bbox 566 389 655 454; x_wconf 51' lang='lat' dir='ltr'>aaut,</span> <span class='ocrx_word' id='word_1_3' title='bbox 679 390 694 455; x_wconf 68' lang='grc' dir='ltr'><strong>ς</strong></span> <span class='ocrx_word' id='word_1_4' title='bbox 716 391 804 445; x_wconf 79' lang='lat' dir='ltr'>oa-or.</span> <span class='ocrx_word' id='word_1_5' title='bbox 1134 373 1198 444; x_wconf 79' lang='lat'>283</span> 
     </span>
    </p>
   </div>
   <div class='ocr_carea' id='block_1_2' title="bbox 68 563 1203 3993">
    <p class='ocr_par' dir='ltr' id='par_1_2' title="bbox 68 563 1199 964">
     <span class='ocr_line' id='line_1_2' title="bbox 68 563 1145 649; baseline 0 -20"><span class='ocrx_word' id='word_1_6' title='bbox 68 564 136 630; x_wconf 91' lang='lat' dir='ltr'>ubi</span> <span class='ocrx_word' id='word_1_7' title='bbox 159 564 296 630; x_wconf 91' lang='lat' dir='ltr'>Italiae</span> <span class='ocrx_word' id='word_1_8' title='bbox 313 585 423 641; x_wconf 86' lang='lat' dir='ltr'>voces,</span> <span class='ocrx_word' id='word_1_9' title='bbox 440 563 497 630; x_wconf 91' lang='lat' dir='ltr'>ubi</span> <span class='ocrx_word' id='word_1_10' title='bbox 521 563 667 649; x_wconf 92' lang='lat' dir='ltr'>denique</span> <span class='ocrx_word' id='word_1_11' title='bbox 692 572 752 628; x_wconf 85' lang='lat' dir='ltr'>tua</span> <span class='ocrx_word' id='word_1_12' title='bbox 774 564 842 641; x_wconf 86' lang='lat' dir='ltr'>illa,</span> <span class='ocrx_word' id='word_1_13' title='bbox 860 563 907 628; x_wconf 92' lang='grc' dir='ltr'>Μ.</span> <span class='ocrx_word' id='word_1_14' title='bbox 932 563 1036 642; x_wconf 88' lang='lat' dir='ltr'>Tulli,</span> <span class='ocrx_word' id='word_1_15' title='bbox 1060 585 1145 649; x_wconf 86' lang='lat' dir='ltr'>quae</span> 
     </span>
     <span class='ocr_line' id='line_1_3' title="bbox 70 667 1199 756; baseline 0.001 -22"><span class='ocrx_word' id='word_1_16' title='bbox 70 672 251 756; x_wconf 86' lang='lat' dir='ltr'>plurimis</span> <span class='ocrx_word' id='word_1_17' title='bbox 276 669 345 735; x_wconf 87' lang='lat' dir='ltr'>fuit</span> <span class='ocrx_word' id='word_1_18' title='bbox 359 670 496 746; x_wconf 87' lang='lat' dir='ltr'>auxilio,</span> <span class='ocrx_word' id='word_1_19' title='bbox 514 692 581 735; x_wconf 84' lang='lat' dir='ltr'>vox</span> <span class='ocrx_word' id='word_1_20' title='bbox 605 677 707 754; x_wconf 89' lang='lat' dir='ltr'>atque</span> <span class='ocrx_word' id='word_1_21' title='bbox 725 668 901 734; x_wconf 84' lang='lat' dir='ltr'>defensio?</span> <span class='ocrx_word' id='word_1_22' title='bbox 949 667 1079 734; x_wconf 90' lang='lat' dir='ltr'>Mihine</span> <span class='ocrx_word' id='word_1_23' title='bbox 1104 691 1142 734; x_wconf 88' lang='lat' dir='ltr'>ea</span> <span class='ocrx_word' id='word_1_24' title='bbox 1170 685 1199 734; x_wconf 72' lang='grc' dir='ltr'>ιο</span> 
     </span>
     <span class='ocr_line' id='line_1_4' title="bbox 72 772 1148 859; baseline 0 -21"><span class='ocrx_word' id='word_1_25' title='bbox 72 775 158 851; x_wconf 90' lang='lat' dir='ltr'>soli,</span> <span class='ocrx_word' id='word_1_26' title='bbox 188 775 256 859; x_wconf 91' lang='lat' dir='ltr'>qui</span> <span class='ocrx_word' id='word_1_27' title='bbox 280 795 341 859; x_wconf 91' lang='lat' dir='ltr'>pro</span> <span class='ocrx_word' id='word_1_28' title='bbox 365 781 398 838; x_wconf 91' lang='lat' dir='ltr'>te</span> <span class='ocrx_word' id='word_1_29' title='bbox 422 774 547 839; x_wconf 89' lang='lat' dir='ltr'>totiens</span> <span class='ocrx_word' id='word_1_30' title='bbox 579 774 677 837; x_wconf 91' lang='lat' dir='ltr'>morti</span> <span class='ocrx_word' id='word_1_31' title='bbox 700 793 753 837; x_wconf 90' lang='lat' dir='ltr'>me</span> <span class='ocrx_word' id='word_1_32' title='bbox 786 772 903 850; x_wconf 84' lang='lat' dir='ltr'>obtuli,</span> <span class='ocrx_word' id='word_1_33' title='bbox 928 772 1011 835; x_wconf 88' lang='lat' dir='ltr'>nihil</span> <span class='ocrx_word' id='word_1_34' title='bbox 1035 780 1148 858; x_wconf 87' lang='lat' dir='ltr'>potest</span> 
     </span>
     <span class='ocr_line' id='line_1_5' title="bbox 75 877 303 964; baseline -0.004 -22"><span class='ocrx_word' id='word_1_35' title='bbox 75 877 303 964; x_wconf 76' lang='lat' dir='ltr'>opitularil&#39;</span> 
     </span>
    </p>

    <p class='ocr_par' dir='ltr' id='par_1_3' title="bbox 79 979 1203 3993">
     <span class='ocr_line' id='line_1_6' title="bbox 125 979 1198 1068; baseline 0 -22"><span class='ocrx_word' id='word_1_36' title='bbox 125 1001 261 1047; x_wconf 84' lang='lat' dir='ltr'><strong>xxxv.</strong></span> <span class='ocrx_word' id='word_1_37' title='bbox 306 982 378 1047; x_wconf 89' lang='lat' dir='ltr'>Nec</span> <span class='ocrx_word' id='word_1_38' title='bbox 404 1004 483 1048; x_wconf 84' lang='lat' dir='ltr'>vero</span> <span class='ocrx_word' id='word_1_39' title='bbox 507 983 598 1057; x_wconf 90' lang='lat' dir='ltr'>haec,</span> <span class='ocrx_word' id='word_1_40' title='bbox 622 980 761 1060; x_wconf 90' lang='lat' dir='ltr'>iudices,</span> <span class='ocrx_word' id='word_1_41' title='bbox 788 990 828 1046; x_wconf 90' lang='lat' dir='ltr'>ut</span> <span class='ocrx_word' id='word_1_42' title='bbox 851 1003 913 1068; x_wconf 87' lang='lat' dir='ltr'>ego</span> <span class='ocrx_word' id='word_1_43' title='bbox 936 1003 1026 1046; x_wconf 91' lang='lat' dir='ltr'>nunc</span> <span class='ocrx_word' id='word_1_44' title='bbox 1049 979 1142 1058; x_wconf 89' lang='lat' dir='ltr'>flens,</span> <span class='ocrx_word' id='word_1_45' title='bbox 1159 986 1198 1048; x_wconf 82' lang='lat'>95</span> 
     </span>
     <span class='ocr_line' id='line_1_7' title="bbox 79 1085 1145 1172; baseline -0.005 -19"><span class='ocrx_word' id='word_1_46' title='bbox 79 1089 147 1153; x_wconf 88' lang='lat' dir='ltr'>sed</span> <span class='ocrx_word' id='word_1_47' title='bbox 163 1089 236 1152; x_wconf 87' lang='lat' dir='ltr'>hoc</span> <span class='ocrx_word' id='word_1_48' title='bbox 252 1087 369 1152; x_wconf 91' lang='lat' dir='ltr'>eodem</span> <span class='ocrx_word' id='word_1_49' title='bbox 385 1087 538 1172; x_wconf 91' lang='lat' dir='ltr'>loquitur</span> <span class='ocrx_word' id='word_1_50' title='bbox 553 1086 663 1162; x_wconf 88' lang='lat' dir='ltr'>vultu,</span> <span class='ocrx_word' id='word_1_51' title='bbox 677 1109 745 1171; x_wconf 91' lang='lat' dir='ltr'>quo</span> <span class='ocrx_word' id='word_1_52' title='bbox 761 1085 894 1152; x_wconf 88' lang='lat' dir='ltr'>videtis.</span> <span class='ocrx_word' id='word_1_53' title='bbox 931 1085 1042 1172; x_wconf 87' lang='lat' dir='ltr'>Negat</span> <span class='ocrx_word' id='word_1_54' title='bbox 1057 1087 1145 1150; x_wconf 89' lang='lat' dir='ltr'>enim</span> 
     </span>
     <span class='ocr_line' id='line_1_8' title="bbox 80 1189 1145 1278; baseline -0.003 -21"><span class='ocrx_word' id='word_1_55' title='bbox 80 1215 130 1270; x_wconf 90' lang='lat' dir='ltr'>se,</span> <span class='ocrx_word' id='word_1_56' title='bbox 150 1199 264 1277; x_wconf 88' lang='lat' dir='ltr'>negat</span> <span class='ocrx_word' id='word_1_57' title='bbox 286 1192 427 1278; x_wconf 86' lang='lat' dir='ltr'>ingratis</span> <span class='ocrx_word' id='word_1_58' title='bbox 453 1190 584 1256; x_wconf 89' lang='lat' dir='ltr'>civibus</span> <span class='ocrx_word' id='word_1_59' title='bbox 608 1189 739 1266; x_wconf 81' lang='lat' dir='ltr'>fecisse,</span> <span class='ocrx_word' id='word_1_60' title='bbox 764 1211 850 1274; x_wconf 87' lang='lat' dir='ltr'>quae</span> <span class='ocrx_word' id='word_1_61' title='bbox 874 1189 1003 1267; x_wconf 84' lang='lat' dir='ltr'>feeerit,</span> <span class='ocrx_word' id='word_1_62' title='bbox 1020 1189 1145 1254; x_wconf 88' lang='lat' dir='ltr'>timidis</span> 
     </span>
     <span class='ocr_line' id='line_1_9' title="bbox 83 1294 1145 1380; baseline -0.005 -19"><span class='ocrx_word' id='word_1_63' title='bbox 83 1306 122 1361; x_wconf 90' lang='lat' dir='ltr'>et</span> <span class='ocrx_word' id='word_1_64' title='bbox 174 1297 291 1360; x_wconf 87' lang='lat' dir='ltr'>omnia</span> <span class='ocrx_word' id='word_1_65' title='bbox 336 1294 682 1379; x_wconf 79' lang='lat' dir='ltr'>circumspicientibus</span> <span class='ocrx_word' id='word_1_66' title='bbox 729 1294 877 1379; x_wconf 91' lang='lat' dir='ltr'>pericula</span> <span class='ocrx_word' id='word_1_67' title='bbox 921 1315 988 1357; x_wconf 94' lang='lat' dir='ltr'>non</span> <span class='ocrx_word' id='word_1_68' title='bbox 1034 1302 1145 1380; x_wconf 86' lang='lat' dir='ltr'>negat.</span> 
     </span>
     <span class='ocr_line' id='line_1_10' title="bbox 85 1390 1184 1483; baseline -0.005 -19"><span class='ocrx_word' id='word_1_69' title='bbox 85 1401 236 1466; x_wconf 91' lang='lat' dir='ltr'>Plebem</span> <span class='ocrx_word' id='word_1_70' title='bbox 253 1407 289 1464; x_wconf 86' lang='lat' dir='ltr'>et</span> <span class='ocrx_word' id='word_1_71' title='bbox 311 1399 461 1463; x_wconf 87' lang='lat' dir='ltr'>infimam</span> <span class='ocrx_word' id='word_1_72' title='bbox 485 1398 749 1474; x_wconf 87' lang='lat' dir='ltr'>multitudinem,</span> <span class='ocrx_word' id='word_1_73' title='bbox 767 1420 852 1483; x_wconf 90' lang='lat' dir='ltr'>quae</span> <span class='ocrx_word' id='word_1_74' title='bbox 869 1396 908 1460; x_wconf 93' lang='lat' dir='ltr'>P.</span> <span class='ocrx_word' id='word_1_75' title='bbox 927 1396 1047 1462; x_wconf 89' lang='lat' dir='ltr'>Clodio</span> <span class='ocrx_word' id='word_1_76' title='bbox 1062 1390 1184 1463; x_wconf 72' lang='lat' dir='ltr'>ducet</span> 
     </span>
     <span class='ocr_line' id='line_1_11' title="bbox 86 1502 1147 1587; baseline -0.001 -20"><span class='ocrx_word' id='word_1_77' title='bbox 86 1505 246 1569; x_wconf 85' lang='lat' dir='ltr'>fortunis</span> <span class='ocrx_word' id='word_1_78' title='bbox 263 1504 383 1568; x_wconf 84' lang='lat' dir='ltr'>vestris</span> <span class='ocrx_word' id='word_1_79' title='bbox 399 1502 604 1579; x_wconf 83' lang='lat' dir='ltr'>imminebat,</span> <span class='ocrx_word' id='word_1_80' title='bbox 621 1525 704 1579; x_wconf 86' lang='lat' dir='ltr'>eam,</span> <span class='ocrx_word' id='word_1_81' title='bbox 722 1524 790 1587; x_wconf 93' lang='lat' dir='ltr'>quo</span> <span class='ocrx_word' id='word_1_82' title='bbox 810 1503 915 1566; x_wconf 89' lang='lat' dir='ltr'>tutior</span> <span class='ocrx_word' id='word_1_83' title='bbox 930 1508 1020 1566; x_wconf 88' lang='lat' dir='ltr'>esset</span> <span class='ocrx_word' id='word_1_84' title='bbox 1034 1509 1147 1567; x_wconf 83' lang='lat' dir='ltr'>vestra</span> 
     </span>
     <span class='ocr_line' id='line_1_12' title="bbox 89 1604 1148 1685; baseline -0.004 -11"><span class='ocrx_word' id='word_1_85' title='bbox 89 1610 178 1685; x_wconf 88' lang='lat' dir='ltr'>vita,</span> <span class='ocrx_word' id='word_1_86' title='bbox 194 1629 232 1672; x_wconf 89' lang='lat' dir='ltr'>sc</span> <span class='ocrx_word' id='word_1_87' title='bbox 254 1604 373 1672; x_wconf 80' lang='lat' dir='ltr'>fecisse</span> <span class='ocrx_word' id='word_1_88' title='bbox 398 1614 635 1672; x_wconf 67' lang='lat' dir='ltr'>commemorat</span> <span class='ocrx_word' id='word_1_89' title='bbox 658 1615 697 1670; x_wconf 91' lang='lat' dir='ltr'>ut</span> <span class='ocrx_word' id='word_1_90' title='bbox 720 1628 787 1670; x_wconf 93' lang='lat' dir='ltr'>non</span> <span class='ocrx_word' id='word_1_91' title='bbox 812 1605 910 1670; x_wconf 92' lang='lat' dir='ltr'>modo</span> <span class='ocrx_word' id='word_1_92' title='bbox 933 1607 1058 1671; x_wconf 84' lang='lat' dir='ltr'>virtute</span> <span class='ocrx_word' id='word_1_93' title='bbox 1073 1605 1148 1671; x_wconf 88' lang='lat' dir='ltr'>flec-</span> 
     </span>
     <span class='ocr_line' id='line_1_13' title="bbox 91 1710 1146 1796; baseline -0.002 -19"><span class='ocrx_word' id='word_1_94' title='bbox 91 1720 194 1790; x_wconf 80' lang='lat' dir='ltr'>teret,</span> <span class='ocrx_word' id='word_1_95' title='bbox 220 1711 406 1777; x_wconf 85' lang='lat' dir='ltr'>sedetiam</span> <span class='ocrx_word' id='word_1_96' title='bbox 434 1711 543 1777; x_wconf 85' lang='lat' dir='ltr'>tribus</span> <span class='ocrx_word' id='word_1_97' title='bbox 568 1712 637 1777; x_wconf 90' lang='lat' dir='ltr'>suis</span> <span class='ocrx_word' id='word_1_98' title='bbox 661 1712 869 1796; x_wconf 86' lang='lat' dir='ltr'>patrimoniis</span> <span class='ocrx_word' id='word_1_99' title='bbox 894 1710 1060 1788; x_wconf 87' lang='lat' dir='ltr'>deliniret,</span> <span class='ocrx_word' id='word_1_100' title='bbox 1085 1733 1146 1775; x_wconf 88' lang='lat' dir='ltr'>nec</span> 
     </span>
     <span class='ocr_line' id='line_1_14' title="bbox 92 1815 1200 1902; baseline -0.005 -19"><span class='ocrx_word' id='word_1_101' title='bbox 92 1820 208 1894; x_wconf 90' lang='lat' dir='ltr'>timet,</span> <span class='ocrx_word' id='word_1_102' title='bbox 225 1838 277 1894; x_wconf 89' lang='lat' dir='ltr'>ne,</span> <span class='ocrx_word' id='word_1_103' title='bbox 295 1838 371 1881; x_wconf 91' lang='lat' dir='ltr'>oum</span> <span class='ocrx_word' id='word_1_104' title='bbox 387 1817 517 1902; x_wconf 89' lang='lat' dir='ltr'>plebem</span> <span class='ocrx_word' id='word_1_105' title='bbox 535 1815 729 1882; x_wconf 87' lang='lat' dir='ltr'>muneribus</span> <span class='ocrx_word' id='word_1_106' title='bbox 746 1817 896 1901; x_wconf 87' lang='lat' dir='ltr'>placarit,</span> <span class='ocrx_word' id='word_1_107' title='bbox 913 1837 973 1881; x_wconf 88' lang='lat' dir='ltr'>vos</span> <span class='ocrx_word' id='word_1_108' title='bbox 990 1837 1056 1880; x_wconf 93' lang='lat' dir='ltr'>non</span> <span class='ocrx_word' id='word_1_109' title='bbox 1074 1837 1149 1880; x_wconf 88' lang='lat' dir='ltr'>con·</span> <span class='ocrx_word' id='word_1_110' title='bbox 1185 1832 1200 1877; x_wconf 84' lang='lat'>9</span> 
     </span>
     <span class='ocr_line' id='line_1_15' title="bbox 95 1919 1200 2008; baseline -0.006 -21"><span class='ocrx_word' id='word_1_111' title='bbox 95 1923 225 1987; x_wconf 84' lang='lat' dir='ltr'>ciliarit</span> <span class='ocrx_word' id='word_1_112' title='bbox 248 1923 374 1986; x_wconf 89' lang='lat' dir='ltr'>meritis</span> <span class='ocrx_word' id='word_1_113' title='bbox 398 1922 432 1985; x_wconf 93' lang='lat' dir='ltr'>in</span> <span class='ocrx_word' id='word_1_114' title='bbox 449 1944 518 1986; x_wconf 90' lang='lat' dir='ltr'>rem</span> <span class='ocrx_word' id='word_1_115' title='bbox 535 1921 701 2006; x_wconf 91' lang='lat' dir='ltr'>publicam</span> <span class='ocrx_word' id='word_1_116' title='bbox 719 1920 954 2008; x_wconf 85' lang='lat' dir='ltr'>singularibus.</span> <span class='ocrx_word' id='word_1_117' title='bbox 1001 1919 1145 1984; x_wconf 88' lang='lat' dir='ltr'>Senatus</span> <span class='ocrx_word' id='word_1_118' title='bbox 1160 1919 1200 1981; x_wconf 87' lang='grc'>96</span> 
     </span>
     <span class='ocr_line' id='line_1_16' title="bbox 93 2025 1146 2113; baseline -0.002 -21"><span class='ocrx_word' id='word_1_119' title='bbox 93 2049 178 2113; x_wconf 83' lang='lat' dir='ltr'>erga</span> <span class='ocrx_word' id='word_1_120' title='bbox 202 2048 237 2090; x_wconf 88' lang='lat' dir='ltr'>se</span> <span class='ocrx_word' id='word_1_121' title='bbox 260 2025 521 2091; x_wconf 91' lang='lat' dir='ltr'>benivolentiam</span> <span class='ocrx_word' id='word_1_122' title='bbox 544 2025 750 2111; x_wconf 87' lang='lat' dir='ltr'>temporibus</span> <span class='ocrx_word' id='word_1_123' title='bbox 775 2025 827 2090; x_wconf 89' lang='lat' dir='ltr'>his</span> <span class='ocrx_word' id='word_1_124' title='bbox 853 2025 933 2111; x_wconf 88' lang='lat' dir='ltr'>ipsis</span> <span class='ocrx_word' id='word_1_125' title='bbox 953 2046 1050 2110; x_wconf 89' lang='lat' dir='ltr'>saepe</span> <span class='ocrx_word' id='word_1_126' title='bbox 1074 2047 1146 2090; x_wconf 90' lang='lat' dir='ltr'>esse</span> 
     </span>
     <span class='ocr_line' id='line_1_17' title="bbox 93 2128 1147 2217; baseline -0.004 -21"><span class='ocrx_word' id='word_1_127' title='bbox 93 2138 317 2217; x_wconf 82' lang='lat' dir='ltr'>perspectam,</span> <span class='ocrx_word' id='word_1_128' title='bbox 334 2137 461 2194; x_wconf 84' lang='lat' dir='ltr'>vestras</span> <span class='ocrx_word' id='word_1_129' title='bbox 486 2152 565 2196; x_wconf 82' lang='lat' dir='ltr'>vero</span> <span class='ocrx_word' id='word_1_130' title='bbox 589 2138 624 2195; x_wconf 91' lang='lat' dir='ltr'>et</span> <span class='ocrx_word' id='word_1_131' title='bbox 646 2138 836 2196; x_wconf 81' lang='lat' dir='ltr'>vestrorum</span> <span class='ocrx_word' id='word_1_132' title='bbox 861 2128 1014 2193; x_wconf 87' lang='lat' dir='ltr'>ordinum</span> <span class='ocrx_word' id='word_1_133' title='bbox 1035 2151 1147 2194; x_wconf 87' lang='lat' dir='ltr'>occur·</span> 
     </span>
     <span class='ocr_line' id='line_1_18' title="bbox 93 2233 1147 2320; baseline -0.004 -18"><span class='ocrx_word' id='word_1_134' title='bbox 93 2237 256 2311; x_wconf 86' lang='lat' dir='ltr'>sationes,</span> <span class='ocrx_word' id='word_1_135' title='bbox 269 2234 391 2310; x_wconf 86' lang='lat' dir='ltr'>studia,</span> <span class='ocrx_word' id='word_1_136' title='bbox 404 2256 583 2311; x_wconf 90' lang='lat' dir='ltr'>sermones,</span> <span class='ocrx_word' id='word_1_137' title='bbox 598 2257 845 2320; x_wconf 90' lang='lat' dir='ltr'>quemcumque</span> <span class='ocrx_word' id='word_1_138' title='bbox 859 2257 993 2300; x_wconf 87' lang='lat' dir='ltr'>cursum</span> <span class='ocrx_word' id='word_1_139' title='bbox 1010 2233 1147 2298; x_wconf 85' lang='lat' dir='ltr'>fortuna</span> 
     </span>
     <span class='ocr_line' id='line_1_19' title="bbox 94 2339 1147 2415; baseline -0.003 -10"><span class='ocrx_word' id='word_1_140' title='bbox 94 2339 240 2415; x_wconf 83' lang='lat' dir='ltr'>dederit,</span> <span class='ocrx_word' id='word_1_141' title='bbox 270 2361 305 2403; x_wconf 90' lang='lat' dir='ltr'>se</span> <span class='ocrx_word' id='word_1_142' title='bbox 343 2361 455 2403; x_wconf 87' lang='lat' dir='ltr'>secum</span> <span class='ocrx_word' id='word_1_143' title='bbox 493 2339 683 2405; x_wconf 86' lang='lat' dir='ltr'>ablaturum</span> <span class='ocrx_word' id='word_1_144' title='bbox 724 2363 795 2406; x_wconf 90' lang='lat' dir='ltr'>esse</span> <span class='ocrx_word' id='word_1_145' title='bbox 836 2341 928 2406; x_wconf 90' lang='lat' dir='ltr'>dicit.</span> <span class='ocrx_word' id='word_1_146' title='bbox 990 2339 1147 2404; x_wconf 89' lang='lat' dir='ltr'>Meminit</span> 
     </span>
     <span class='ocr_line' id='line_1_20' title="bbox 94 2443 1200 2530; baseline -0.006 -20"><span class='ocrx_word' id='word_1_147' title='bbox 94 2447 201 2521; x_wconf 83' lang='lat' dir='ltr'>etiam</span> <span class='ocrx_word' id='word_1_148' title='bbox 212 2444 275 2510; x_wconf 88' lang='lat' dir='ltr'>sibi</span> <span class='ocrx_word' id='word_1_149' title='bbox 288 2465 402 2508; x_wconf 89' lang='lat' dir='ltr'>vocem</span> <span class='ocrx_word' id='word_1_150' title='bbox 419 2444 590 2528; x_wconf 87' lang='lat' dir='ltr'>praeconis</span> <span class='ocrx_word' id='word_1_151' title='bbox 607 2443 705 2510; x_wconf 92' lang='lat' dir='ltr'>modo</span> <span class='ocrx_word' id='word_1_152' title='bbox 722 2445 879 2524; x_wconf 85' lang='lat' dir='ltr'>defuisse,</span> <span class='ocrx_word' id='word_1_153' title='bbox 894 2466 995 2530; x_wconf 82' lang='lat' dir='ltr'>quarn</span> <span class='ocrx_word' id='word_1_154' title='bbox 1014 2445 1147 2509; x_wconf 89' lang='lat' dir='ltr'>minime</span> <span class='ocrx_word' id='word_1_155' title='bbox 1171 2460 1200 2504; x_wconf 84' lang='lat'>15</span> 
     </span>
     <span class='ocr_line' id='line_1_21' title="bbox 95 2548 1146 2637; baseline -0.003 -23"><span class='ocrx_word' id='word_1_156' title='bbox 95 2548 306 2626; x_wconf 84' lang='lat' dir='ltr'>desiderarit,</span> <span class='ocrx_word' id='word_1_157' title='bbox 324 2549 440 2633; x_wconf 91' lang='lat' dir='ltr'>populi</span> <span class='ocrx_word' id='word_1_158' title='bbox 464 2569 543 2613; x_wconf 86' lang='lat' dir='ltr'>vero</span> <span class='ocrx_word' id='word_1_159' title='bbox 567 2551 699 2614; x_wconf 86' lang='lat' dir='ltr'>cunctis</span> <span class='ocrx_word' id='word_1_160' title='bbox 725 2549 904 2637; x_wconf 85' lang='lat' dir='ltr'>suffragiis,</span> <span class='ocrx_word' id='word_1_161' title='bbox 926 2548 1018 2634; x_wconf 94' lang='lat' dir='ltr'>quod</span> <span class='ocrx_word' id='word_1_162' title='bbox 1041 2570 1146 2612; x_wconf 91' lang='lat' dir='ltr'>unum</span> 
     </span>
     <span class='ocr_line' id='line_1_22' title="bbox 96 2652 1147 2738; baseline -0.002 -20"><span class='ocrx_word' id='word_1_163' title='bbox 96 2654 253 2738; x_wconf 87' lang='lat' dir='ltr'>cupierit,</span> <span class='ocrx_word' id='word_1_164' title='bbox 284 2675 319 2718; x_wconf 90' lang='lat' dir='ltr'>se</span> <span class='ocrx_word' id='word_1_165' title='bbox 351 2654 522 2717; x_wconf 89' lang='lat' dir='ltr'>consulem</span> <span class='ocrx_word' id='word_1_166' title='bbox 554 2652 777 2733; x_wconf 66' lang='lat' dir='ltr'>declaratum</span> <span class='ocrx_word' id='word_1_167' title='bbox 814 2677 902 2720; x_wconf 87' lang='lat' dir='ltr'>nunc</span> <span class='ocrx_word' id='word_1_168' title='bbox 934 2654 1090 2738; x_wconf 89' lang='lat' dir='ltr'>denique,</span> <span class='ocrx_word' id='word_1_169' title='bbox 1118 2653 1147 2717; x_wconf 93' lang='lat' dir='ltr'>si</span> 
     </span>
     <span class='ocr_line' id='line_1_23' title="bbox 96 2757 1146 2844; baseline -0.001 -22"><span class='ocrx_word' id='word_1_170' title='bbox 96 2759 180 2824; x_wconf 89' lang='lat' dir='ltr'>haec</span> <span class='ocrx_word' id='word_1_171' title='bbox 203 2765 320 2823; x_wconf 82' lang='lat' dir='ltr'>contra</span> <span class='ocrx_word' id='word_1_172' title='bbox 342 2779 377 2822; x_wconf 89' lang='lat' dir='ltr'>se</span> <span class='ocrx_word' id='word_1_173' title='bbox 401 2759 469 2822; x_wconf 89' lang='lat' dir='ltr'>sint</span> <span class='ocrx_word' id='word_1_174' title='bbox 492 2757 618 2835; x_wconf 85' lang='lat' dir='ltr'>futura,</span> <span class='ocrx_word' id='word_1_175' title='bbox 643 2760 707 2825; x_wconf 88' lang='lat' dir='ltr'>sibi</span> <span class='ocrx_word' id='word_1_176' title='bbox 731 2760 888 2824; x_wconf 86' lang='lat' dir='ltr'>facinoris</span> <span class='ocrx_word' id='word_1_177' title='bbox 912 2759 1146 2844; x_wconf 88' lang='lat' dir='ltr'>suspicionem,</span> 
     </span>
     <span class='ocr_line' id='line_1_24' title="bbox 97 2861 1200 2949; baseline 0.004 -24"><span class='ocrx_word' id='word_1_178' title='bbox 97 2885 167 2928; x_wconf 92' lang='lat' dir='ltr'>non</span> <span class='ocrx_word' id='word_1_179' title='bbox 182 2862 265 2927; x_wconf 81' lang='lat' dir='ltr'>iacti</span> <span class='ocrx_word' id='word_1_180' title='bbox 281 2863 406 2927; x_wconf 84' lang='lat' dir='ltr'>crimen</span> <span class='ocrx_word' id='word_1_181' title='bbox 431 2861 572 2928; x_wconf 86' lang='lat' dir='ltr'>obstare.</span> <span class='ocrx_word' id='word_1_182' title='bbox 618 2863 727 2929; x_wconf 84' lang='lat' dir='ltr'>Addit</span> <span class='ocrx_word' id='word_1_183' title='bbox 750 2864 841 2940; x_wconf 88' lang='lat' dir='ltr'>haec,</span> <span class='ocrx_word' id='word_1_184' title='bbox 859 2885 944 2949; x_wconf 90' lang='lat' dir='ltr'>quae</span> <span class='ocrx_word' id='word_1_185' title='bbox 962 2872 1050 2929; x_wconf 88' lang='lat' dir='ltr'>certe</span> <span class='ocrx_word' id='word_1_186' title='bbox 1067 2867 1200 2929; x_wconf 71' lang='lat' dir='ltr'>versili</span> 
     </span>
     <span class='ocr_line' id='line_1_25' title="bbox 97 2967 1201 3055; baseline -0.003 -22"><span class='ocrx_word' id='word_1_187' title='bbox 97 2976 189 3045; x_wconf 88' lang='lat' dir='ltr'>sunt,</span> <span class='ocrx_word' id='word_1_188' title='bbox 213 2967 311 3035; x_wconf 87' lang='lat' dir='ltr'>fortis</span> <span class='ocrx_word' id='word_1_189' title='bbox 338 2975 373 3032; x_wconf 89' lang='lat' dir='ltr'>et</span> <span class='ocrx_word' id='word_1_190' title='bbox 398 2968 558 3054; x_wconf 87' lang='lat' dir='ltr'>sapientis</span> <span class='ocrx_word' id='word_1_191' title='bbox 588 2970 677 3034; x_wconf 89' lang='lat' dir='ltr'>viros</span> <span class='ocrx_word' id='word_1_192' title='bbox 700 2991 768 3033; x_wconf 93' lang='lat' dir='ltr'>non</span> <span class='ocrx_word' id='word_1_193' title='bbox 792 2977 862 3034; x_wconf 84' lang='lat' dir='ltr'>tam</span> <span class='ocrx_word' id='word_1_194' title='bbox 884 2969 1030 3055; x_wconf 85' lang='lat' dir='ltr'>praemia</span> <span class='ocrx_word' id='word_1_195' title='bbox 1052 2969 1148 3052; x_wconf 89' lang='lat' dir='ltr'>sequi</span> <span class='ocrx_word' id='word_1_196' title='bbox 1172 2985 1201 3030; x_wconf 82' lang='lat' dir='ltr'>ao</span> 
     </span>
     <span class='ocr_line' id='line_1_26' title="bbox 99 3061 1147 3159; baseline -0.002 -23"><span class='ocrx_word' id='word_1_197' title='bbox 99 3073 207 3137; x_wconf 91' lang='lat' dir='ltr'>solere</span> <span class='ocrx_word' id='word_1_198' title='bbox 231 3079 319 3137; x_wconf 90' lang='lat' dir='ltr'>recte</span> <span class='ocrx_word' id='word_1_199' title='bbox 341 3071 507 3136; x_wconf 82' lang='lat' dir='ltr'>factorum</span> <span class='ocrx_word' id='word_1_200' title='bbox 533 3095 635 3158; x_wconf 89' lang='lat' dir='ltr'>quam</span> <span class='ocrx_word' id='word_1_201' title='bbox 658 3061 730 3159; x_wconf 89' lang='lat' dir='ltr'>ipsa</span> <span class='ocrx_word' id='word_1_202' title='bbox 753 3082 841 3140; x_wconf 88' lang='lat' dir='ltr'>recte</span> <span class='ocrx_word' id='word_1_203' title='bbox 866 3072 976 3149; x_wconf 83' lang='lat' dir='ltr'>facta3</span> <span class='ocrx_word' id='word_1_204' title='bbox 1003 3095 1038 3138; x_wconf 88' lang='lat' dir='ltr'>se</span> <span class='ocrx_word' id='word_1_205' title='bbox 1062 3072 1147 3136; x_wconf 89' lang='lat' dir='ltr'>nihil</span> 
     </span>
     <span class='ocr_line' id='line_1_27' title="bbox 98 3176 1149 3264; baseline 0.001 -26"><span class='ocrx_word' id='word_1_206' title='bbox 98 3176 134 3238; x_wconf 91' lang='lat' dir='ltr'>in</span> <span class='ocrx_word' id='word_1_207' title='bbox 163 3177 234 3241; x_wconf 82' lang='lat' dir='ltr'>vita</span> <span class='ocrx_word' id='word_1_208' title='bbox 258 3176 322 3239; x_wconf 92' lang='lat' dir='ltr'>nisi</span> <span class='ocrx_word' id='word_1_209' title='bbox 352 3176 613 3260; x_wconf 89' lang='lat' dir='ltr'>praeclarissime</span> <span class='ocrx_word' id='word_1_210' title='bbox 640 3177 770 3255; x_wconf 86' lang='lat' dir='ltr'>fecisse,</span> <span class='ocrx_word' id='word_1_211' title='bbox 800 3177 967 3264; x_wconf 89' lang='lat' dir='ltr'>siquidem</span> <span class='ocrx_word' id='word_1_212' title='bbox 994 3176 1079 3240; x_wconf 90' lang='lat' dir='ltr'>nihil</span> <span class='ocrx_word' id='word_1_213' title='bbox 1103 3176 1149 3240; x_wconf 87' lang='lat' dir='ltr'>sit</span> 
     </span>
     <span class='ocr_line' id='line_1_28' title="bbox 99 3280 1147 3369; baseline -0.002 -25"><span class='ocrx_word' id='word_1_214' title='bbox 99 3280 334 3366; x_wconf 86' lang='lat' dir='ltr'>praestabilius</span> <span class='ocrx_word' id='word_1_215' title='bbox 370 3282 442 3347; x_wconf 89' lang='lat' dir='ltr'>viro</span> <span class='ocrx_word' id='word_1_216' title='bbox 485 3304 587 3367; x_wconf 90' lang='lat' dir='ltr'>quam</span> <span class='ocrx_word' id='word_1_217' title='bbox 625 3285 781 3368; x_wconf 88' lang='lat' dir='ltr'>periculis</span> <span class='ocrx_word' id='word_1_218' title='bbox 818 3284 960 3369; x_wconf 86' lang='lat' dir='ltr'>patriam</span> <span class='ocrx_word' id='word_1_219' title='bbox 998 3282 1147 3346; x_wconf 88' lang='lat' dir='ltr'>liberare.</span> 
     </span>
     <span class='ocr_line' id='line_1_29' title="bbox 100 3385 1147 3470; baseline 0.001 -21"><span class='ocrx_word' id='word_1_220' title='bbox 100 3386 223 3450; x_wconf 84' lang='lat' dir='ltr'>Beatos</span> <span class='ocrx_word' id='word_1_221' title='bbox 247 3407 329 3462; x_wconf 87' lang='lat' dir='ltr'>esse,</span> <span class='ocrx_word' id='word_1_222' title='bbox 346 3385 470 3470; x_wconf 85' lang='lat' dir='ltr'>quibus</span> <span class='ocrx_word' id='word_1_223' title='bbox 488 3408 527 3452; x_wconf 89' lang='lat' dir='ltr'>ea</span> <span class='ocrx_word' id='word_1_224' title='bbox 550 3410 601 3451; x_wconf 89' lang='lat' dir='ltr'>res</span> <span class='ocrx_word' id='word_1_225' title='bbox 625 3387 743 3452; x_wconf 91' lang='lat' dir='ltr'>honori</span> <span class='ocrx_word' id='word_1_226' title='bbox 767 3387 872 3455; x_wconf 85' lang='lat' dir='ltr'>fuerit</span> <span class='ocrx_word' id='word_1_227' title='bbox 887 3410 905 3452; x_wconf 86' lang='lat' dir='ltr'>a</span> <span class='ocrx_word' id='word_1_228' title='bbox 921 3389 990 3452; x_wconf 88' lang='lat' dir='ltr'>suis</span> <span class='ocrx_word' id='word_1_229' title='bbox 1007 3387 1147 3462; x_wconf 79' lang='lat' dir='ltr'>civibuS,</span> 
     </span>
     <span class='ocr_line' id='line_1_30' title="bbox 99 3491 1203 3576; baseline -0.003 -23"><span class='ocrx_word' id='word_1_230' title='bbox 99 3513 161 3555; x_wconf 87' lang='lat' dir='ltr'>nec</span> <span class='ocrx_word' id='word_1_231' title='bbox 185 3498 297 3555; x_wconf 84' lang='lat' dir='ltr'>tumen</span> <span class='ocrx_word' id='word_1_232' title='bbox 326 3513 381 3555; x_wconf 90' lang='lat' dir='ltr'>eos</span> <span class='ocrx_word' id='word_1_233' title='bbox 406 3491 555 3569; x_wconf 86' lang='lat' dir='ltr'>miseros,</span> <span class='ocrx_word' id='word_1_234' title='bbox 580 3493 638 3576; x_wconf 91' lang='lat' dir='ltr'>qui</span> <span class='ocrx_word' id='word_1_235' title='bbox 662 3492 822 3557; x_wconf 89' lang='lat' dir='ltr'>beneficio</span> <span class='ocrx_word' id='word_1_236' title='bbox 852 3493 942 3558; x_wconf 90' lang='lat' dir='ltr'>cives</span> <span class='ocrx_word' id='word_1_237' title='bbox 965 3514 1043 3557; x_wconf 88' lang='lat' dir='ltr'>suos</span> <span class='ocrx_word' id='word_1_238' title='bbox 1067 3491 1152 3556; x_wconf 89' lang='lat' dir='ltr'>vice·</span> <span class='ocrx_word' id='word_1_239' title='bbox 1173 3505 1203 3550; x_wconf 81' lang='lat' dir='ltr'>ao</span> 
     </span>
     <span class='ocr_line' id='line_1_31' title="bbox 100 3594 1150 3682; baseline 0.001 -25"><span class='ocrx_word' id='word_1_240' title='bbox 100 3595 178 3659; x_wconf 84' lang='lat' dir='ltr'>rint.</span> <span class='ocrx_word' id='word_1_241' title='bbox 225 3594 292 3660; x_wconf 88' lang='lat' dir='ltr'>Sed</span> <span class='ocrx_word' id='word_1_242' title='bbox 309 3603 418 3660; x_wconf 87' lang='lat' dir='ltr'>tamen</span> <span class='ocrx_word' id='word_1_243' title='bbox 438 3617 480 3661; x_wconf 86' lang='lat' dir='ltr'>ex</span> <span class='ocrx_word' id='word_1_244' title='bbox 502 3596 655 3661; x_wconf 88' lang='lat' dir='ltr'>omnibus</span> <span class='ocrx_word' id='word_1_245' title='bbox 679 3597 834 3682; x_wconf 87' lang='lat' dir='ltr'>praemiis</span> <span class='ocrx_word' id='word_1_246' title='bbox 853 3597 1000 3674; x_wconf 89' lang='lat' dir='ltr'>virtutis,</span> <span class='ocrx_word' id='word_1_247' title='bbox 1017 3598 1045 3661; x_wconf 88' lang='lat' dir='ltr'>si</span> <span class='ocrx_word' id='word_1_248' title='bbox 1062 3601 1150 3661; x_wconf 88' lang='lat' dir='ltr'>esset</span> 
     </span>
     <span class='ocr_line' id='line_1_32' title="bbox 101 3698 1150 3786; baseline 0 -25"><span class='ocrx_word' id='word_1_249' title='bbox 101 3698 253 3765; x_wconf 88' lang='lat' dir='ltr'>habenda</span> <span class='ocrx_word' id='word_1_250' title='bbox 269 3700 352 3764; x_wconf 74' lang='lat' dir='ltr'>ratio</span> <span class='ocrx_word' id='word_1_251' title='bbox 369 3700 602 3786; x_wconf 83' lang='lat' dir='ltr'>praemiorum,</span> <span class='ocrx_word' id='word_1_252' title='bbox 618 3702 861 3785; x_wconf 89' lang='lat' dir='ltr'>amplissimum</span> <span class='ocrx_word' id='word_1_253' title='bbox 878 3722 949 3766; x_wconf 89' lang='lat' dir='ltr'>esse</span> <span class='ocrx_word' id='word_1_254' title='bbox 966 3701 1150 3785; x_wconf 87' lang='lat' dir='ltr'>praemium</span> 
     </span>
     <span class='ocr_line' id='line_1_33' title="bbox 101 3804 1155 3890; baseline -0.001 -23"><span class='ocrx_word' id='word_1_255' title='bbox 101 3804 263 3890; x_wconf 84' lang='lat' dir='ltr'>gloriam3</span> <span class='ocrx_word' id='word_1_256' title='bbox 289 3825 360 3868; x_wconf 88' lang='lat' dir='ltr'>esse</span> <span class='ocrx_word' id='word_1_257' title='bbox 377 3804 463 3868; x_wconf 88' lang='lat' dir='ltr'>hanc</span> <span class='ocrx_word' id='word_1_258' title='bbox 480 3825 592 3880; x_wconf 88' lang='lat' dir='ltr'>unam,</span> <span class='ocrx_word' id='word_1_259' title='bbox 610 3825 695 3888; x_wconf 82' lang='lat' dir='ltr'>quae</span> <span class='ocrx_word' id='word_1_260' title='bbox 719 3805 916 3870; x_wconf 86' lang='lat' dir='ltr'>brevitatem</span> <span class='ocrx_word' id='word_1_261' title='bbox 939 3805 1030 3869; x_wconf 86' lang='lat' dir='ltr'>vitae</span> <span class='ocrx_word' id='word_1_262' title='bbox 1047 3811 1155 3888; x_wconf 83' lang='lat' dir='ltr'>poste·</span> 
     </span>
     <span class='ocr_line' id='line_1_34' title="bbox 101 3907 1149 3993; baseline 0 -23"><span class='ocrx_word' id='word_1_263' title='bbox 101 3908 210 3976; x_wconf 87' lang='lat' dir='ltr'>ritatis</span> <span class='ocrx_word' id='word_1_264' title='bbox 229 3908 388 3974; x_wconf 89' lang='lat' dir='ltr'>memoria</span> <span class='ocrx_word' id='word_1_265' title='bbox 403 3909 641 3986; x_wconf 89' lang='lat' dir='ltr'>consolaretur,</span> <span class='ocrx_word' id='word_1_266' title='bbox 661 3929 747 3993; x_wconf 86' lang='lat' dir='ltr'>quae</span> <span class='ocrx_word' id='word_1_267' title='bbox 770 3908 924 3986; x_wconf 87' lang='lat' dir='ltr'>efficeret,</span> <span class='ocrx_word' id='word_1_268' title='bbox 942 3914 981 3971; x_wconf 91' lang='lat' dir='ltr'>ut</span> <span class='ocrx_word' id='word_1_269' title='bbox 996 3907 1149 3972; x_wconf 88' lang='lat' dir='ltr'>absentes</span> 
     </span>
    </p>
   </div>
   <div class='ocr_carea' id='block_1_3' title="bbox 0 0 1422 4367">
    <p class='ocr_par' dir='ltr' id='par_1_4' title="bbox 0 0 1422 4367">
     <span class='ocr_line' id='line_1_35' title="bbox 0 0 1422 4367; baseline 0 0"><span class='ocrx_word' id='word_1_270' title='bbox 0 0 1422 4367; x_wconf 95' lang='lat' dir='ltr'> </span> 
     </span>
    </p>
   </div>
  </div>
 </body>
</html>
