2800 4367
424 355 505 408 car.
529 359 619 420 corr,
643 359 658 421 ς
679 355 767 409 sam.
1111 341 1174 410 133

95 548 170 607 num,
192 527 419 596 misericordia
444 529 549 618 digna
578 531 696 596 multa.
758 529 879 618 Neque
908 531 999 598 euim
1028 551 1119 596 nuno

94 634 318 719 propulsandae
346 636 548 700 calamitatis
577 657 659 701 suae
689 657 791 701 causa
817 636 960 722 supplex
984 633 1122 714 advos,

93 739 212 815 iudices,
242 738 409 827 confugit,
439 739 501 804 sed
530 761 573 806 ne
604 762 672 825 qua
701 741 817 828 generi
848 761 886 806 ac
909 741 1035 805 nomini
1061 761 1124 804 suo
1145 755 1174 802 ar

92 852 159 907 nota
172 843 313 909 nefariae
330 844 553 929 turpitudinis
567 846 732 910 inuratur.
778 845 863 909 Nam
879 845 950 930 ipse
973 844 1120 931 quidem,

92 948 184 1012 aierit
202 956 316 1013 vestro
340 949 467 1014 iudicio
492 949 664 1024 liberatus,
682 971 769 1034 quae
794 949 894 1014 habet
916 957 1120 1024 ornamenta,

92 1074 164 1135 quae
192 1054 314 1119 solacia
345 1054 495 1138 reliquae
526 1054 626 1130 vitae,
650 1053 774 1138 quibus
796 1053 912 1118 laetari
936 1060 971 1118 et
993 1053 1120 1138 perfrui

91 1157 204 1239 possit?
248 1158 380 1223 Domus
407 1159 481 1234 erit,
508 1157 618 1234 crede,
645 1167 817 1234 exornata,
842 1157 1036 1243 aperientur
1057 1179 1123 1222 ma·

91 1261 183 1323 iorum
208 1263 382 1348 imagines
407 1264 479 1347 ipse
502 1271 659 1328 ornatum
688 1283 727 1327 ac
752 1264 913 1328 vestitum
943 1263 1122 1348 pristinum
1145 1276 1176 1322 ac

90 1365 292 1450 recuperabit.
339 1365 472 1442 Omnia,
496 1365 633 1444 iudices,
656 1366 738 1432 haec
762 1368 882 1431 amissa
897 1377 988 1442 sunt,
1011 1367 1122 1430 omnia

81 1471 216 1553 generis,
247 1472 402 1547 nominis,
433 1470 568 1535 honoris
606 1471 752 1556 insignia
788 1479 891 1555 atque
929 1477 1122 1534 ornamenta

89 1574 177 1637 unius
199 1573 315 1639 iudicii
337 1574 526 1640 calamitate
549 1573 754 1640 occiderunt.
801 1573 867 1640 Sed
890 1595 931 1640 ne
954 1575 1123 1639 extinctor

89 1678 210 1759 patriae,
240 1700 283 1744 ne
321 1677 481 1763 proditor,
515 1701 556 1743 ne
584 1678 690 1743 hostis
726 1678 925 1764 appelletur,
958 1699 999 1742 ne
1038 1676 1122 1741 hanc

89 1780 183 1845 labem
211 1783 298 1847 tanti
328 1784 464 1848 sceleris
496 1784 532 1846 in
554 1781 683 1847 familia
707 1784 888 1867 relinquat,
920 1781 956 1846 id
986 1780 1122 1858 laborat,
1146 1795 1176 1843 ur

89 1884 118 1947 id
131 1888 254 1964 metuit,
270 1909 313 1951 ne
337 1887 482 1973 denique
506 1887 559 1952 hic
582 1888 682 1952 miser
707 1886 873 1952 coniurati
900 1893 936 1951 et
959 1886 1123 1950 conscele-

89 1991 142 2053 mti
157 2000 189 2056 et
203 1991 382 2077 proditoris
406 1993 496 2057 filius
520 1994 733 2069 nominatum
757 1992 837 2056 huic
856 2012 971 2076 puero,
988 1991 1047 2074 qui
1070 1997 1122 2055 est

89 2094 113 2156 ei
134 2097 200 2159 vita
225 2117 287 2161 sua
311 2097 419 2161 multo
446 2098 561 2172 carior,
584 2098 716 2172 metuit,
734 2097 789 2162 cui
814 2095 948 2160 honoris
973 2096 1121 2181 integros

88 2196 203 2264 fructus
234 2222 302 2264 non
332 2202 378 2264 sit
411 2199 608 2277 traditurus,
640 2223 683 2266 ne
721 2209 892 2266 aeternam
931 2199 1121 2265 memoriam

88 2300 244 2368 dedecoris
269 2305 450 2388 relinquat.
498 2304 563 2370 Hic
591 2327 650 2370 vos
675 2314 758 2382 orat,
779 2305 917 2382 indices,
934 2325 1066 2389 paruus,
1085 2311 1124 2366 ut
1134 2305 1175 2369 89

87 2425 116 2468 se
142 2407 320 2491 aliquando
350 2410 379 2472 si
410 2430 477 2472 non
508 2410 640 2496 integra
669 2409 816 2485 fortuna,
848 2418 883 2474 at
913 2419 953 2473 ut
990 2406 1125 2472 adflicta
1146 2421 1175 2467 41

87 2513 163 2592 patri
187 2533 248 2576 suo
275 2513 438 2598 gratulari
462 2514 591 2579 sinatis.
638 2514 730 2580 Huic
747 2516 867 2579 misero
891 2514 1020 2578 notiora
1042 2519 1123 2576 sunt

88 2614 195 2679 itinera
209 2615 410 2680 iudiciorum
426 2625 461 2682 et
476 2616 541 2682 fori
557 2639 659 2704 quam
676 2621 783 2704 campi
800 2627 835 2684 et
859 2617 1120 2703 disciplinarum.

88 2716 154 2782 Non
175 2722 240 2784 iam
263 2720 305 2785 de
329 2722 400 2786 vita
424 2721 463 2785 P.
480 2721 604 2800 Sullae,
629 2723 769 2800 iudices,
794 2723 854 2789 sed
881 2723 921 2788 de
949 2723 1123 2808 sepultura

88 2824 310 2900 contenditur3
334 2826 405 2889 vita
426 2835 540 2911 erepta
554 2836 608 2891 est
622 2830 791 2912 superiore
814 2827 948 2903 iudicia,
965 2848 1065 2902 nunc,
1082 2847 1123 2890 ne
1145 2839 1176 2884 45

89 2946 196 3011 corpus
216 2930 367 3005 eiciatur,
393 2929 590 2995 laboramus.
639 2930 732 3011 Quid
758 2933 846 2996 enim
872 2939 924 2997 est
948 2931 1026 2996 huic
1050 2928 1123 2994 reli·

90 3032 250 3116 qui,qu0d
276 3054 354 3098 eum
379 3034 414 3096 in
439 3033 500 3099 hac
516 3036 588 3100 vita
613 3043 736 3112 teneat,
754 3047 814 3100 aut
836 3035 919 3119 quid
944 3043 1004 3110 est,
1022 3055 1122 3120 quam

91 3133 202 3199 obrem
226 3138 307 3201 baec
331 3138 489 3223 cuiquam
505 3139 576 3204 vita
592 3138 772 3205 videatur?
817 3155 938 3202 xxxrr.
963 3137 1079 3222 Nuper
1095 3139 1142 3215 ia,

91 3236 176 3303 homo
204 3241 272 3306 fuit
301 3243 336 3305 in
365 3243 502 3308 civitate
527 3243 565 3306 P.
589 3241 694 3320 Sulla,
718 3251 758 3308 ut
780 3265 878 3309 nemo
901 3243 932 3308 ei
955 3264 990 3307 se
1014 3263 1122 3328 neque

92 3339 201 3409 honore
225 3367 335 3431 neque
359 3348 468 3434 gratia
494 3368 605 3432 neque
635 3346 781 3413 fortunis
813 3347 1004 3423 anteferret,
1033 3367 1122 3410 nunc

92 3448 239 3530 spoliatus
255 3453 347 3515 omni
363 3453 539 3538 dignitate,
557 3473 642 3536 quae
659 3461 774 3536 erepta
789 3461 879 3528 sunt,
897 3473 964 3516 non
981 3453 1122 3536 repetit3

93 3553 171 3632 quod
184 3553 320 3620 fortuna
335 3557 370 3620 in
387 3557 482 3620 malis
498 3556 618 3640 reliqui
635 3555 726 3630 iecit,
740 3564 780 3619 ut
794 3576 871 3619 cum
888 3563 1032 3639 parente,
1049 3576 1126 3619 cum
1162 3569 1177 3615 a

94 3652 199 3737 liberis,
230 3682 308 3725 cum
338 3659 451 3737 fratre,
483 3682 560 3724 cum
585 3660 638 3724 his
668 3659 865 3724 necessariis
890 3659 1006 3745 lugere
1030 3679 1123 3723 suam

95 3759 302 3830 calamitatem
332 3765 443 3845 liceat,
475 3764 510 3827 id
541 3763 604 3828 sibi
635 3785 676 3828 ne
708 3763 867 3849 eripiatis,
893 3785 961 3840 vos,
985 3763 1123 3839 iudices,

96 3861 274 3935 obtestatur.
323 3868 373 3934 Te
396 3869 507 3953 ipsum
530 3869 606 3945 iam,
624 3868 807 3952 Torquate,
829 3867 1002 3951 expletum
1025 3867 1178 3932 huius90
