2800 4367
181 319 246 384 lt’l
518 328 590 383 rao
612 332 643 382 r.
667 327 790 382 sunna
813 327 963 380 caurio.

232 505 305 570 eius
331 509 499 588 aspectus,
527 503 748 578 concursatio,
780 501 928 586 stipatio,
955 521 1077 586 greges
1109 497 1291 564 hominum

180 625 209 668 ar
231 605 440 692 perditorum
478 613 606 669 metum
643 604 739 676 nobis
780 603 1031 688 seditionesque
1074 601 1291 668 adferebant.

234 711 352 796 ltaque
373 709 411 772 Ρ.
428 707 525 773 Sulla
546 709 608 774 hoc
634 709 919 794 importunissimo
944 729 1022 772 cum
1047 707 1202 784 honoris,
1221 715 1293 770 tum

232 817 334 881 etiam
357 813 557 878 calamitatis
577 814 667 878 socio
694 821 797 898 atque
823 813 944 877 comite
969 820 1004 877 et
1029 811 1203 877 secundas
1229 810 1292 875 for-

232 931 332 986 tunas
361 920 514 984 amittere
546 929 682 983 coactus
713 927 767 982 est
796 927 831 982 et
860 919 896 981 in
926 917 1077 982 adversis
1109 918 1186 982 sine
1222 917 1293 990 ullo

232 1023 377 1090 remedio
400 1031 502 1108 atquc
526 1021 759 1087 adlevamento
781 1041 982 1106 permanere.

182 1127 221 1188 67
278 1146 382 1192 xxiv.
416 1127 481 1191 Hic
504 1134 543 1191 tu
567 1127 748 1212 epistulam
773 1147 881 1190 meam
905 1148 1001 1210 saepe
1027 1127 1162 1210 recitas,
1185 1147 1293 1211 quam

232 1255 295 1318 ego
311 1231 353 1296 ad
366 1231 428 1296 Cn.
446 1231 647 1316 Pompeium
659 1230 700 1295 de
718 1231 800 1296 meis
812 1229 910 1294 rebus
925 1230 1030 1316 gestis
1045 1237 1081 1294 et
1096 1230 1138 1295 de
1155 1251 1293 1295 summa

233 1359 267 1400 re
290 1336 426 1422 publica
448 1336 534 1410 misi,
550 1343 585 1400 et
607 1357 650 1400 ex
673 1356 713 1400 ea
735 1335 861 1398 crimen
885 1333 1023 1418 aliquod
1046 1335 1081 1398 in
1098 1334 1137 1397 Ρ.
1156 1333 1293 1398 Sullam

234 1442 366 1526 quaeris
391 1448 435 1517 et,
463 1441 491 1502 si
515 1438 663 1504 furorem
689 1436 920 1504 incredibilem
946 1438 1082 1504 biennio
1102 1446 1184 1504 ante
1215 1461 1295 1504 con·

195 1555 368 1631 sceptnnr
407 1545 557 1629 erupisse
593 1545 628 1607 in
660 1565 733 1608 meo
769 1543 946 1608 consulatu
977 1543 1106 1628 scripsi,
1137 1565 1192 1608 me
1228 1543 1293 1608 hoc

234 1650 478 1714 demonstrasse
511 1648 605 1724 dicis,
638 1648 767 1712 Sullam
798 1649 833 1710 iu
872 1647 930 1711 illa
968 1646 1073 1712 fuisse
1113 1649 1292 1733 superiore

232 1753 493 1818 coniuratione
515 1751 652 1817 Scilicet
674 1775 739 1839 ego
762 1754 789 1816 is
813 1773 898 1828 sum,
924 1752 984 1836 qui
1005 1753 1196 1817 existimem
1225 1752 1291 1817 Cu.

233 1858 392 1923 Pisonem
418 1864 453 1922 et
482 1857 665 1922 Catilinam
687 1867 723 1921 et
747 1857 997 1943 Vargunteium
1018 1864 1054 1921 et
1074 1857 1293 1921 Autronium

233 1962 317 2025 nibil
347 1962 517 2037 scelerate,
549 1961 634 2024 nihil
661 1961 820 2026 audacter
845 1961 934 2046 ipsos
960 1982 1020 2046 per
1041 1982 1114 2026 sese
1141 1963 1216 2027 sine
1249 1963 1290 2026 P.

183 2071 223 2132 68
241 2066 335 2130 Sulla
358 2065 467 2130 facere
489 2067 649 2150 potuisse.
696 2066 749 2130 De
772 2086 840 2151 quo
856 2066 986 2130 etiamsi
1002 2067 1078 2150 quis
1094 2065 1292 2141 dubitasset

183 2179 341 2244 nautea,
372 2191 415 2233 an
446 2169 491 2246 id,
523 2170 614 2254 quod
649 2178 687 2233 tu
724 2171 847 2256 arguis,
880 2171 1071 2255 cogitasset,
1105 2169 1290 2236 interfecto

233 2283 326 2358 patre
354 2281 416 2338 tuo
441 2275 560 2338 consul
587 2273 788 2338 descendere
816 2273 977 2338 Kalendis
1008 2275 1174 2340 Ianuariis
1204 2297 1289 2339 curn

234 2377 418 2454 lictoribus,
449 2379 618 2442 sustulisti
655 2377 741 2442 hanc
778 2379 1013 2462 suspicionem,
1050 2401 1127 2443 curn
1165 2379 1288 2444 dixisti

233 2482 333 2557 hunc,
359 2489 399 2545 ut
424 2481 606 2545 Catilinam
631 2483 803 2546 consulem
829 2480 986 2557 efficeret,
1012 2491 1128 2548 contra
1152 2492 1286 2568 patrem

183 2603 212 2646 15
234 2595 331 2650 tuum
356 2607 472 2670 operas
494 2593 529 2650 et
553 2607 688 2649 manum
714 2607 931 2669 comparasse.
979 2586 1080 2666 Quod
1096 2588 1124 2652 si
1141 2587 1202 2653 tibi
1217 2610 1286 2674 ego

234 2690 403 2766 confitear,
421 2697 460 2756 tu
475 2689 558 2752 mihi
574 2690 737 2754 concedas
760 2711 893 2754 necesse
917 2699 970 2755 est
983 2690 1084 2767 hunc,
1101 2713 1179 2755 cum
1195 2691 1287 2756 Cati-

174 2825 176 2827 ·
234 2794 321 2858 linae
348 2793 600 2880 suffragaretur,
626 2793 711 2856 nihil
738 2793 779 2858 de
807 2816 868 2858 suo
894 2794 1083 2872 consulatu,
1109 2817 1211 2880 quem
1235 2796 1285 2859 iu-

169 2981 174 2989 ·
234 2897 321 2962 dicio
336 2899 501 2974 amiserat,
515 2920 576 2982 per
591 2899 659 2962 vim
675 2897 903 2983 recuperando
919 2900 1131 2985 cogitavisse.
1163 2899 1283 2984 Neque

234 3004 323 3068 enim
339 3004 479 3067 istorum
491 3001 678 3067 facinorum
692 3011 872 3080 tantorum,
884 3011 952 3067 tam
968 3005 1133 3068 atrocium
1144 3006 1281 3081 crimen,

182 3124 212 3167 20
235 3107 371 3182 iudices
395 3106 434 3169 P.
458 3105 571 3171 Sullae
594 3129 737 3191 persona
759 3109 909 3193 suscipit.

183 3211 222 3274 69
282 3210 353 3273 Iam
383 3211 473 3274 enim
503 3211 623 3275 faciam
662 3211 856 3276 criminibus
890 3212 1044 3277 omnibus
1074 3211 1145 3278 fere
1163 3213 1278 3278 disse

234 3314 325 3389 latia,
357 3321 473 3378 contra
504 3323 606 3400 atque
638 3316 670 3379 in
704 3317 824 3380 ceteris
855 3318 964 3382 causis
1004 3317 1075 3380 fieri
1114 3317 1211 3395 solet,
1242 3325 1278 3380 ut

234 3439 324 3482 nunc
350 3417 500 3502 denique
522 3418 562 3482 de
589 3420 660 3484 vita
682 3419 826 3484 hominis
858 3443 895 3485 ac
919 3420 959 3486 de
991 3420 1139 3485 moribus
1163 3421 1277 3486 dicam.

234 3522 370 3585 Etenim
393 3520 433 3586 de
457 3523 622 3607 principio
646 3523 782 3588 studuit
805 3525 935 3588 animus
960 3547 1132 3590 occurrere
1157 3527 1279 3612 magni·

182 3641 212 3686 aa
235 3625 346 3690 tudini
366 3627 526 3702 criminis,
549 3629 632 3691 satis
654 3627 763 3692 facere
784 3630 1010 3711 expectationi
1032 3630 1215 3706 hominum,
1239 3630 1278 3694 de

233 3752 287 3794 me
309 3729 438 3814 aliquid
461 3732 543 3815 ipso,
561 3733 619 3815 qui
644 3740 820 3796 accusatus
838 3753 938 3808 cram,
955 3732 1065 3798 dicere
1076 3757 1084 3809 ;
1109 3734 1278 3798 nunciam

233 3834 413 3899 revocandi
428 3836 509 3900 estis
526 3857 576 3909 ec,
593 3858 661 3916 quo
678 3858 737 3898 vos
754 3838 826 3917 ipsa
847 3857 946 3897 causa
963 3839 1063 3898 etiarn
1079 3844 1212 3901 tacente
1228 3859 1277 3901 me
