2800 4367
927 226 940 264 1

516 340 597 395 car.
623 345 709 408 ron,
734 343 748 409 e
770 344 858 398 21-25.
1198 333 1238 402 25

140 527 247 585 castra
271 520 434 587 ducturi?
483 523 593 603 Quem
618 524 661 588 ad
686 524 823 589 modum
846 535 959 591 autem
986 528 1055 593 illis
1077 550 1187 596 carere

40 650 45 720 ‘-
139 624 307 710 poterunt,
333 626 385 690 his
413 629 608 712 praesertim
626 624 705 692 'iam
736 630 917 695 noctibus?
962 631 1040 711 Quo
1074 641 1187 699 autem
1209 651 1239 696 aa

139 737 236 814 pacto
263 730 314 793 illi
341 731 583 817 Appenninum
611 725 715 818 atque
746 733 822 798 illas
856 735 993 819 pruinas
1024 758 1062 801 ac
1092 739 1186 806 nives
1272 774 1277 781 ·

138 834 333 919 perferent?
363 836 428 899 nisi
444 836 576 925 idcirco
598 859 634 902 se
657 836 793 903 facilius
816 838 960 904 hiemem
985 840 1185 907 toleraturos

137 947 268 1024 putant,
286 938 377 1025 quod
393 938 476 1003 nudi
491 942 527 1004 in
543 942 708 1026 conviviis
723 942 847 1007 saltare
863 942 1064 1009 didicerunt.

181 1060 232 1107 xi.
250 1042 420 1109 Obellum
434 1066 555 1132 magno
565 1068 663 1131 opere
674 1046 988 1132 pertimescendum,
1001 1070 1079 1113 cum
1097 1050 1182 1116 hanc
1197 1053 1238 1116 24

137 1148 182 1211 sit
197 1147 373 1212 habiturus
391 1147 539 1213 Catilina
560 1157 748 1215 scortorum
771 1152 943 1216 cohortem
965 1152 1184 1238 praetoriam!

138 1251 300 1317 Instruite
331 1273 431 1330 nunc,
461 1253 623 1333 Quirites,
655 1263 773 1319 contra
802 1256 862 1320 has
893 1264 961 1320 tam
999 1258 1185 1342 praeclaras

138 1355 302 1421 Catilinae
319 1358 430 1443 copias
454 1366 569 1425 vestra
594 1358 760 1443 praesidia
782 1368 980 1446 vestrosque
1004 1363 1185 1427 exercitus

137 1460 183 1525 Et
205 1461 349 1546 primum
373 1462 551 1549 gladiatori
575 1464 627 1527 illi
651 1463 806 1528 confecto
833 1472 870 1529 et
894 1466 1009 1529 saucio
1029 1466 1184 1531 consules
1221 1482 1251 1527 5·

136 1565 420 1651 imperatoresque
448 1576 576 1641 vestros
601 1569 777 1654 opponite3
805 1568 927 1634 deinde
951 1576 1067 1633 contra
1090 1569 1184 1633 illam

136 1670 375 1757 naufragorum
405 1674 545 1737 eiectam
575 1695 614 1737 ac
645 1672 857 1737 debilitatam
894 1668 1032 1737 manum
1070 1672 1185 1738 florem

135 1776 240 1840 totius
259 1775 375 1841 Italiae
400 1798 438 1841 ac
463 1776 565 1842 robur
587 1776 731 1841 educite·
778 1776 850 1840 Iam
873 1799 953 1841 vero
977 1775 1075 1841 urbes
1098 1778 1184 1841 colo

135 1882 265 1944 uiarum
280 1902 318 1945 ac
331 1882 588 1966 municipiorum
601 1880 854 1967 respondebunt
862 1880 1029 1945 Catilinae
1043 1881 1183 1946 tumulis

134 1984 356 2049 silvestribus.
402 1983 520 2070 Neque
559 2007 622 2071 ego
660 1994 788 2051 ceteras
824 1986 945 2070 copias,
977 1993 1182 2062 ornamenta,
1207 2002 1236 2046 10
1271 2058 1276 2064 .

135 2090 299 2174 praesidia
322 2097 432 2154 vestra
455 2112 532 2154 cum
560 2091 650 2155 illius
678 2091 818 2156 latronis
844 2091 958 2175 inopia
983 2098 1085 2176 atque
1110 2112 1184 2177 ege·

134 2201 220 2258 state
237 2192 387 2258 conferre
404 2192 517 2258 debeo.
564 2192 631 2258 Sed
651 2193 681 2258 si
704 2193 834 2259 omissis
859 2195 911 2259 his
935 2194 1044 2271 rebus,
1061 2194 1235 2279 quibus25

134 2320 195 2363 nos
211 2296 475 2383 suppeditamur,
493 2306 572 2384 eget
587 2298 654 2374 ille,
671 2306 801 2375 senatu,
819 2285 989 2383 equitibus
1012 2300 1181 2376 Romame,

134 2402 226 2479 urbe,
258 2403 392 2478 aerario,
425 2402 657 2488 vectigalibus
689 2411 813 2468 cuncta
851 2403 960 2480 Italia,
1001 2404 1183 2487 provinciis

134 2506 299 2582 omnibus,
316 2508 440 2571 exteris
457 2506 660 2583 nationibus,
676 2508 706 2571 si
722 2507 774 2571 his
788 2506 887 2572 rebus
912 2508 1041 2572 omissis
1065 2529 1181 2572 causas
1206 2524 1234 2567 15

63 2673 66 2678 .
133 2613 232 2695 ipsae,
261 2632 345 2695 quae
377 2612 466 2675 inter
496 2632 531 2675 se
562 2610 760 2698 confligunt,
794 2611 997 2677 contendere
1028 2611 1181 2688 velimus,

133 2736 231 2779 exeo
254 2716 336 2799 ipsc,
361 2736 462 2799 quam
486 2714 582 2780 valde
607 2715 657 2779 illi
682 2716 823 2792 iaceant,
846 2715 1045 2802 intellegere
1068 2737 1183 2801 possu-

133 2842 219 2883 mus.
265 2819 318 2881 Ex
344 2819 404 2883 hac
429 2820 518 2884 enirn
543 2827 637 2904 parte
665 2819 775 2905 pudor
801 2827 942 2906 pugnat,
966 2819 1061 2884 illinc
1089 2828 1183 2904 petu-

133 2924 258 2999 lantia3
282 2923 359 2987 hinc
377 2923 549 3009 pudicitia,
567 2925 660 2988 illine
677 2932 854 3009 stuprum3
878 2924 956 2987 hinc
980 2923 1072 2999 tides,
1088 2925 1181 2988 illinc

134 3026 318 3103 fraudati03
342 3028 421 3091 lrinc
451 3028 569 3113 pietas,
598 3028 691 3092 illinc
716 3028 847 3103 scelus3
878 3027 956 3092 hinc
981 3029 1181 3104 constantia,
1204 3042 1234 3087 20

133 3132 226 3197 illinc
243 3131 357 3207 iur0r3
381 3131 459 3197 hinc
479 3132 648 3209 honestas,
666 3132 760 3197 illine
783 3131 981 3217 turpitud03
1005 3132 1083 3196 hinc
1107 3154 1182 3197 cou-

133 3237 285 3313 tinentia,
313 3236 406 3301 illinc
431 3236 567 3312 lubido;
591 3236 738 3321 denique
761 3237 923 3322 aequitas,
948 3238 1179 3322 temperantia,

133 3339 308 3415 fortitudo,
334 3339 522 3432 prudentia,
551 3342 695 3405 virtutes
720 3362 836 3405 omnes
859 3348 991 3405 certant
1021 3362 1098 3405 curn
1121 3342 1181 3404 ini-

133 3445 274 3529 quitate,
287 3446 432 3522 luxuria,
446 3445 590 3531 ignavia,
602 3445 801 3522 temeritate,
815 3467 892 3509 cum
903 3446 994 3511 vitiis
1005 3446 1179 3519 omnibus;

132 3556 300 3634 postremo
316 3551 411 3635 copia
434 3572 511 3613 cum
534 3557 694 3636 egestate,
721 3549 807 3613 bona
832 3551 917 3615 ratio
940 3572 1018 3613 cum
1041 3549 1232 3634 perditans

132 3674 225 3719 mens
250 3676 332 3719 sana
358 3675 435 3719 cum
465 3656 619 3731 amentia,
644 3653 731 3718 bona
753 3654 899 3738 denique
915 3675 991 3738 spes
1014 3676 1092 3717 cum
1115 3676 1181 3717 om-

132 3760 226 3822 nium
243 3781 354 3825 rerum
378 3757 608 3844 desparatione
633 3757 795 3843 confligit.
842 3758 882 3820 In
906 3756 1091 3821 eiusmodi
1115 3779 1181 3822 cer-

132 3864 257 3927 tamine
273 3884 311 3927 ac
336 3863 463 3949 proelio
486 3883 607 3939 nonne,
624 3863 651 3927 si
676 3862 850 3925 hominum
874 3861 988 3924 studia
1013 3860 1179 3936 deficiant,
