2800 4367
551 309 757 364 EPISTOLAE
780 311 976 364 suaseras.

690 603 828 669 XXIII.

629 780 686 837 (An
700 779 770 826 Απ.
788 791 823 826 iv.
836 780 870 836 1.)

553 941 684 990 clclcao
708 942 838 990 ATTICO
861 941 939 990 SAL.

203 1105 220 1165 1
286 1100 374 1166 Cum
397 1101 543 1186 primum
567 1100 707 1165 Romam
730 1102 807 1166 veni
835 1100 979 1186 fuitque,
996 1101 1052 1165 cui
1077 1107 1163 1166 recte
1183 1099 1267 1166 adte

241 1205 370 1270 litteras
386 1205 509 1281 darem,
526 1204 612 1267 nihil
628 1205 721 1289 prius
740 1203 931 1268 faciendum
948 1204 1030 1268 mihi
1046 1206 1171 1290 putavi,
1184 1225 1270 1290 quam
1361 1253 1362 1300 3

241 1318 280 1374 ut
295 1310 356 1375 tibi
376 1309 506 1374 absenti
530 1308 571 1374 de
595 1307 707 1372 reditu
736 1317 850 1372 nostro
877 1309 1084 1394 gratularer;
1109 1329 1272 1396 cognoram
1361 1301 1362 1394 l

242 1415 436 1478 enirn—ut
454 1435 532 1478 vere
555 1412 799 1478 scribam—te
828 1413 863 1475 in
888 1412 1035 1478 consiliis
1061 1413 1143 1476 mihi
1169 1411 1275 1476 dandis
1361 1427 1362 1484 3

201 1533 300 1582 onec
324 1516 496 1582 fortiorem
520 1538 580 1581 nec
609 1515 862 1602 prudentiorem
885 1537 987 1601 quam
1014 1538 1065 1582 me
1091 1518 1209 1601 ipsum,
1224 1537 1276 1580 nec

240 1623 342 1685 etiam
359 1643 417 1706 pro
433 1623 612 1705 praeterita
636 1641 711 1685 mea
733 1622 768 1683 in
791 1629 824 1685 te
850 1619 1062 1686 observantia
1090 1622 1227 1685 nimium
1247 1621 1278 1683 in
1361 1607 1362 1624 ³

242 1725 395 1789 custodia
423 1725 543 1788 salutis
570 1746 662 1789 meae
694 1723 902 1810 diligentem,
926 1724 1138 1809 eundemque
1164 1733 1205 1800 tc,
1227 1725 1279 1809 qui
1361 1739 1362 1754 ³

239 1830 355 1914 primis
372 1829 576 1915 temporibus
592 1829 712 1893 erroris
730 1830 837 1892 nostri
852 1835 913 1893 aut
924 1830 1036 1914 potius
1052 1817 1176 1894 furoris
1191 1829 1282 1914 parti-

240 1955 316 2018 ceps
333 1941 368 1997 et
380 1932 456 1997 falsi
472 1933 600 1997 timoris
615 1933 727 1998 socius
740 1931 871 2011 fuisses
885 1932 1095 1999 acerbissime
1111 1933 1283 1998 discidium

188 2053 217 2098 10
239 2045 391 2101 nostrum
407 2038 524 2101 tulisse
541 2038 793 2123 plurimumque
810 2059 939 2122 operae,
952 2036 1068 2114 studii,
1081 2037 1283 2125 diligentiae,

241 2140 433 2206 laboris-ad
463 2141 707 2207 conficiendum
745 2141 892 2206 reditum
932 2164 1043 2206 meum
1082 2143 1282 2208 contulisse:

202 2249 222 2310 2
245 2247 358 2330 itaque
371 2246 434 2310 hoc
451 2245 511 2310 tibi
528 2268 604 2310 vere
621 2245 758 2322 affirmo,
777 2248 811 2310 in
828 2247 974 2310 maxima
989 2247 1118 2312 laetitia
1134 2256 1169 2312 et
1191 2269 1287 2332 exop

242 2359 404 2422 tutissima
419 2359 643 2444 gratulatione
665 2379 774 2422 unum
799 2357 842 2423 ad
864 2359 1107 2450 cumulandum
1126 2358 1286 2446 gaudium

243 2470 459 2546 conspectum
470 2470 529 2526 aut
545 2463 658 2547 potius
673 2463 889 2548 complexum
906 2464 988 2528 mihi
1002 2465 1102 2529 tuum
1119 2463 1285 2540 defuisse;

188 2582 216 2626 15
239 2587 340 2649 quem
366 2566 467 2635 semel
493 2574 610 2630 nactus
635 2588 820 2651 numquam
848 2567 1005 2632 dimisero
1033 2590 1081 2645 ac,
1098 2569 1163 2632 nisi
1188 2569 1287 2632 etiam

241 2672 488 2754 praetermissos
505 2670 636 2735 fructus
653 2679 731 2735 tuae
748 2673 926 2737 suavitatis
942 2674 1113 2757 praeteriti
1130 2673 1287 2758 temporis
1362 2699 1363 2750 l

241 2795 354 2837 omnes
382 2795 533 2860 exegero,
551 2774 701 2860 profecto
729 2775 790 2842 hac
819 2777 1031 2842 restitutione
1058 2776 1212 2841 fortunae
1238 2798 1287 2840 me

198 2880 218 2942 3
242 2879 311 2961 ipse
328 2878 492 2941 nonsatis
509 2878 650 2965 dignum
675 2879 839 2945 iudicabo.
885 2881 955 2945 Nos
979 2881 1100 2959 adhuc,
1118 2883 1151 2944 in
1176 2890 1286 2947 nostro

243 2990 334 3046 statu
351 2981 443 3066 quod
459 2981 653 3049 difficillime
670 2987 861 3070 recuperari
879 3007 974 3070 posse
990 2986 1141 3050 arbitrati
1162 3007 1286 3062 sumuS,

188 3101 218 3145 20
241 3085 451 3170 splendorem
467 3095 619 3151 nostrum
636 3089 733 3152 illum
750 3089 916 3154 forensem
933 3098 967 3154 et
982 3091 1016 3153 in
1035 3098 1156 3155 senatu
1179 3098 1286 3156 aucto

242 3190 374 3254 ritatem
391 3196 426 3253 et
441 3190 531 3274 apud
546 3193 635 3256 viros
651 3192 756 3257 bonos
778 3195 919 3280 gratiam
943 3196 1058 3281 magis,
1075 3216 1177 3278 quam
1200 3203 1287 3281 opta-

242 3314 363 3369 ramus,
389 3297 560 3360 consecuti
590 3318 730 3372 sumus;
756 3299 790 3360 in
819 3320 852 3363 re
878 3306 990 3364 autem
1013 3297 1179 3376 familiari,
1204 3321 1284 3385 quac

244 3397 527 3482 quemadmodum
541 3400 656 3478 fracta,
668 3401 838 3487 dissipata,
850 3403 980 3488 direpta
996 3404 1049 3478 sit,
1063 3424 1129 3466 non
1146 3403 1284 3489 ignoras,

241 3502 338 3567 valde
364 3502 551 3568 laboramus
576 3512 779 3591 tuarumque
802 3529 869 3571 non
893 3517 961 3571 tani
979 3506 1188 3583 facultatum,
1206 3528 1283 3593 quas

188 3621 218 3666 ao
240 3627 303 3692 ego
315 3614 445 3671 nostras
459 3629 530 3672 esse
548 3607 669 3686 iudico,
680 3631 782 3694 quam
795 3611 1011 3674 consiliorum
1027 3611 1070 3674 ad
1086 3611 1283 3697 colligendas

199 3712 277 3774 4et
300 3711 555 3777 constituendas
583 3713 741 3798 reliquias
773 3723 902 3778 nostras
934 3715 1132 3800 indigemus.
1180 3714 1281 3788 Nunc,

242 3816 304 3879 etsi
331 3817 441 3879 omnia
467 3823 529 3880 aut
552 3819 677 3902 scripta
702 3841 772 3882 esse
797 3840 815 3880 a
839 3820 911 3881 tuis'
934 3819 1077 3883 arbitror
1102 3827 1162 3882 aut
1187 3819 1280 3883 etiam
