2800 4367
171 301 235 369 114
525 313 597 364 rao
618 313 650 366 r.
674 312 798 366 sunan
820 311 971 364 onnrm.

175 501 200 556 ,s
222 507 296 551 meo
320 487 455 572 ingenio
477 483 567 562 dare,
592 491 631 549 ut
653 492 707 549 tot
728 505 782 548 res
812 491 933 560 tantas,
966 489 1036 546 tam
1060 481 1186 557 vaiias,
1208 485 1272 544 tam

223 591 416 674 repentinas
447 591 482 652 in
509 589 569 652 illa
599 587 892 652 turbulentissima
918 593 1120 670 tempestate
1146 585 1199 649 rei
1221 606 1275 669 pu-

223 693 329 758 blieae
352 714 426 758 mea
450 701 570 778 sponte
601 691 827 778 dispexerim)
854 713 912 756 vos
939 690 1091 778 profecto
1122 690 1275 754 animum
1304 711 1309 719 ’

223 818 335 862 meum
351 805 424 860 tum
440 795 688 862 conservandae
705 798 832 881 patriae
852 794 1039 879 cupiditate
1063 793 1276 868 incendistis,

224 923 285 966 vos
311 921 363 966 me
394 900 437 964 ab
462 899 619 965 omnibus
650 901 771 965 ceteris
802 898 1064 987 cogitationibus
1094 897 1142 962 ad
1177 918 1278 962 unam

118 999 128 1008 ”
172 1020 201 1066 ιο
220 1005 365 1068 salutem
387 1005 436 1068 rei
458 1003 612 1090 publicae
638 1004 865 1080 convertistis,
890 1025 949 1068 vos
972 1001 1118 1086 denique
1146 1003 1187 1064 in
1213 1009 1280 1065 tan-

223 1109 267 1173 tis
290 1107 436 1173 tenebris
459 1109 580 1172 erroris
604 1115 640 1172 et
670 1108 870 1173 inscientiae
901 1107 1125 1172 clarissimum
1159 1106 1280 1171 lumen

169 1211 208 1274 41
224 1212 328 1278 menti
355 1233 447 1277 meae
472 1211 693 1297 praetulistis.
739 1211 822 1276 Vidi
845 1233 908 1298 ego
939 1211 1012 1287 boo,
1043 1209 1190 1286 iudices,
1216 1211 1282 1274 nisi

222 1317 349 1382 recenti
380 1317 539 1380 memoria
568 1323 706 1380 senatus
742 1317 977 1381 auctoritatem
1016 1314 1118 1379 huius
1159 1314 1281 1379 indicii

222 1421 449 1485 monumentis
467 1418 610 1504 publicis
627 1427 770 1484 testatus
794 1441 910 1496 essem,
928 1419 1002 1484 fore⁴
1024 1425 1064 1481 ut
1088 1417 1281 1503 aliquando

171 1541 199 1585 15
221 1547 289 1589 non
307 1526 500 1610 Torquatus
517 1544 627 1608 neque
652 1523 818 1608 Torquati
846 1525 1014 1610 quispiam
1037 1523 1159 1588 similis
1180 1526 1280 1607 (nam

223 1629 259 1692 id
296 1651 348 1694 me
379 1629 525 1693 multum
564 1628 719 1710 fefellit),
750 1628 811 1692 sed
849 1636 890 1692 ut
919 1627 1041 1712 aliquis
1077 1626 1281 1712 patrimonii

223 1732 419 1820 naufragus,
450 1732 608 1798 iuimicus
639 1733 711 1808 otii,
744 1731 906 1796 bonorum
933 1731 1039 1796 hostis
1067 1732 1170 1795 aliter
1193 1731 1282 1794 indi-

222 1845 297 1901 cata
320 1837 400 1902 haec
424 1859 496 1903 esse
527 1837 664 1914 diceret,
696 1858 765 1921 quo
796 1835 930 1900 facilius
962 1842 1066 1899 vento
1096 1835 1220 1919 aliquo
1245 1836 1280 1897 in

225 1942 391 2025 optimum
408 1964 578 2027 quemque
594 1943 741 2006 excitato
758 1949 872 2024 posset
889 1941 922 2002 in
940 1940 1034 2004 nralis
1051 1941 1099 2004 rei
1116 1940 1280 2024 publicae

169 2062 200 2108 ao
222 2053 355 2128 portum
393 2046 542 2130 aliquem
572 2066 711 2110 suorum
744 2046 907 2108 malorum
941 2043 1102 2108 invenire.
1150 2043 1280 2127 Itaque

222 2150 424 2216 introductis
452 2153 487 2215 iu
514 2159 670 2216 senatum
697 2149 865 2215 indicibus
895 2149 1058 2213 constitui
1088 2156 1278 2223 senatores,

224 2255 284 2338 qui
314 2256 425 2320 omnia
454 2255 605 2321 iudicum
635 2255 736 2331 diota,
768 2256 984 2339 interrogata,
1015 2260 1176 2337 responsa
1201 2274 1281 2336 per·

168 2359 209 2422 42
223 2357 417 2423 scriberent.
463 2360 513 2422 At
528 2380 613 2443 quos
630 2357 737 2423 viros!
762 2378 830 2420 non
855 2357 966 2420 solum
988 2378 1120 2420 summa
1144 2357 1279 2420 virtute

222 2469 255 2525 et
272 2461 347 2537 fide,
371 2463 469 2526 ouius
491 2463 623 2548 generis
647 2469 719 2527 erat
742 2462 777 2524 in
800 2468 921 2525 senatu
945 2459 1089 2524 facultas
1113 2462 1278 2536 maxima,

169 2580 198 2626 25
220 2565 279 2630 sed
309 2568 411 2632 etiam
444 2588 529 2652 quos
555 2566 699 2630 sciebam
725 2565 892 2639 memoria,
918 2565 1070 2640 scientia,
1099 2565 1279 2630 celeritate

223 2669 390 2736 scribendi
422 2670 592 2745 facillime,
623 2691 710 2755 quae
742 2669 943 2744 dicerentur,
975 2671 1132 2754 persequi
1164 2692 1277 2754 posse,

223 2772 261 2837 C.
279 2773 490 2851 Cosconium,
508 2775 567 2859 qui
584 2782 656 2837 tum
672 2781 744 2838 erat
764 2780 906 2856 praetor,
926 2773 972 2836 M.
991 2773 1196 2850 Messallam,
1213 2776 1278 2858 qui

223 2884 297 2941 tum
312 2887 502 2962 praeturam
518 2877 662 2962 petebat,
689 2878 726 2940 P.
752 2876 938 2962 Nigidium,
962 2877 1052 2961 App.
1078 2876 1276 2940 Claudium.

224 2980 332 3046 Credo
366 3003 438 3046 esse
477 2982 655 3056 neminem,
694 2982 755 3064 qui
794 2981 845 3044 his
883 2980 1073 3044 hominibus
1113 2981 1157 3044 ad
1195 3003 1276 3046 vere

168 3103 199 3148 so
220 3083 433 3150 referendum
462 3091 523 3149 aut
556 3084 656 3149 fidem
686 3091 785 3168 putet
814 3092 874 3148 aut
904 3085 1079 3171 ingenium
1110 3084 1274 3150 defuisse.

223 3188 339 3269 Quid?
386 3187 509 3254 deinde
537 3188 621 3272 quid
644 3188 736 3252 feci?
782 3206 843 3252 xv.
869 3187 957 3252 Cum
983 3189 1102 3252 scirem
1127 3191 1175 3253 ita
1198 3211 1273 3254 esse

221 3291 384 3359 indicium
401 3291 547 3356 relatum
569 3294 604 3354 in
629 3291 760 3357 tabulas
785 3292 946 3376 publicas,
976 3299 1016 3355 ut
1036 3292 1114 3356 illae
1137 3293 1273 3357 tabulae

223 3399 355 3482 privata
381 3403 493 3459 tamen
521 3394 675 3460 custodia
698 3417 788 3459 more
814 3396 977 3459 maiorum
1004 3398 1271 3475 continerentur,

221 3522 289 3565 non
312 3499 490 3575 occultavi,
514 3521 582 3562 non
605 3500 757 3563 continui
780 3498 880 3573 dorni,
903 3498 963 3564 sed
985 3502 1100 3565 statim
1127 3501 1272 3566 describi

182 3622 199 3667 o
220 3605 262 3671 ab
277 3604 431 3669 omnibus
447 3602 599 3679 librariis,
623 3591 729 3667 dividi
746 3603 869 3686 passim
892 3611 927 3667 et
949 3605 1143 3690 pervulgari
1166 3615 1269 3691 atque

220 3709 276 3775 edi
307 3709 434 3794 populo
477 3708 627 3800 Romano
666 3708 838 3790 imperavi.
897 3707 1008 3772 Divisi
1048 3717 1120 3772 tota
1159 3710 1267 3786 ltalia,

219 3814 316 3882 emisi
331 3814 367 3876 in
383 3834 498 3878 omnes
521 3812 731 3896 provincias;
755 3812 827 3874 eius
852 3810 978 3888 indicii,
999 3833 1041 3875 ex
1065 3834 1134 3896 quo
1158 3815 1267 3879 oblata
