2800 4367
178 343 242 410 322
471 357 543 409 rso
565 355 714 410 Ancum
736 357 859 410 roura
880 359 1035 412 nssrrs.

177 535 214 597 1⁷
268 549 350 599 v111.
396 527 526 609 Quodsi
542 527 608 613 ipsi
623 528 703 593 haec
719 551 829 614 neque
853 530 1019 616 attingere
1043 552 1153 616 neque
1176 551 1278 597 sensu

230 645 346 702 nostro
368 641 506 722 gustare
529 654 714 717 possemus,
730 640 844 700 tamen
867 655 906 698 ea
932 635 1044 698 mirari
1068 635 1277 713 deberemus

228 743 329 806 etiam
344 761 422 805 cum
433 739 469 802 in
481 738 556 802 aliis
566 736 767 803 videremus.
814 737 900 817 Quis
912 746 1064 803 nostrum
1080 747 1149 804 tam
1165 741 1278 805 animo

230 845 355 932 agresti
377 865 416 909 ac
442 841 527 906 duro
552 839 630 917 fuit,
655 849 695 905 ut
719 842 820 906 Rosci
844 849 951 906 morte
976 864 1084 927 nuper
1100 865 1168 906 non
1192 865 1277 907 com-

189 965 204 1008 s
226 947 444 1014 moveretur?
460 947 518 1031 qui
535 967 613 1009 cum
622 952 712 1010 esset
721 967 825 1010 senex
837 954 999 1022 mortuus,
1013 955 1125 1011 tamen
1138 954 1278 1032 propter

230 1053 452 1118 excellentem
481 1056 587 1115 artem
617 1070 656 1113 ac
686 1057 901 1115 venustatem
931 1050 1110 1116 videbatur
1139 1053 1277 1116 omnino

228 1157 311 1221 mori
334 1177 401 1220 non
424 1154 591 1220 debuisse.
639 1154 731 1240 Ergo
761 1154 819 1218 ille
851 1155 997 1239 corporis
1023 1163 1117 1219 motu
1142 1162 1276 1220 tantum

229 1282 374 1326 amorem
403 1260 466 1325 sibi
496 1259 693 1324 conciliarat
723 1280 742 1322 a
772 1259 867 1323 nobis
905 1259 1076 1336 omnibus;
1116 1281 1176 1324 nos
1208 1261 1278 1323 ani-

189 1383 356 1429 umorum
386 1362 598 1428 incredibiles
623 1370 735 1426 motus
758 1362 1030 1447 celeritatemque
1061 1365 1276 1449 ingeniorum

175 1473 212 1534 ls
228 1467 469 1555 neglegemus?
511 1465 677 1544 Quotiens
687 1488 750 1551 ego
763 1465 853 1530 hunc
866 1465 1026 1529 Archiam
1042 1466 1122 1543 vidi,
1135 1467 1276 1545 iudiceS,

232 1576 329 1656 (utar
357 1572 447 1636 enim
476 1577 589 1655 vestra
619 1568 838 1655 benignitate,
871 1571 1031 1654 quoniam
1069 1572 1181 1635 mein
1212 1571 1276 1636 hoc

232 1697 320 1739 novo
335 1696 457 1761 genere
474 1672 608 1738 dicendi
624 1681 693 1736 tam
708 1673 890 1758 diligenter
902 1674 1098 1757 attenditis)
1117 1676 1276 1758 quotiens

227 1801 289 1865 ego
315 1779 405 1843 hunc
430 1777 512 1853 vidi,
535 1799 613 1842 cum
633 1778 782 1841 litteram
803 1778 993 1862 scripsisset
1022 1778 1161 1855 nullam,
1186 1800 1276 1865 mag·

229 1904 311 1947 num
326 1902 502 1946 numerum
525 1882 728 1965 optimorum
753 1902 912 1946 versuum
932 1881 973 1947 de
995 1883 1035 1947 iis
1059 1883 1140 1967 ipsis
1163 1882 1274 1960 rebus,

175 2005 203 2051 rs
225 1994 401 2072 quactum
421 1993 612 2071 agerentur,
629 1985 740 2050 dicere
756 2007 798 2050 ex
822 1993 982 2070 tempore,
999 1988 1158 2071 quotiens
1182 2009 1275 2052 revo-

229 2096 342 2154 catum
373 2089 514 2154 candem
544 2111 613 2153 rem
645 2088 755 2154 dicere
783 2091 997 2155 commutetis
1028 2090 1138 2156 verbis
1169 2098 1274 2176 atque

228 2192 426 2259 sententiis!
473 2193 568 2273 Quae
582 2214 661 2258 vero
677 2202 831 2258 accurate
842 2195 1055 2281 cogitateque
1071 2179 1273 2282 scripsisset,

228 2321 268 2364 ea
287 2299 334 2364 sic
358 2297 428 2363 vidi
450 2298 650 2382 probarint
672 2297 715 2362 ad
738 2306 890 2363 veterum
913 2300 1114 2385 scriptorum
1137 2301 1273 2366 laudem

227 2403 428 2488 perveniret.
475 2402 576 2465 Hunc
600 2424 663 2487 ego
685 2424 753 2466 non
777 2402 926 2489 diligam,
943 2426 1010 2468 non
1034 2405 1187 2482 admirer,
1204 2428 1273 2470 non

173 2523 203 2568 ao
224 2507 314 2570 omni
330 2506 459 2570 ratione
480 2504 729 2580 defendendum
747 2509 888 2591 putem?
932 2509 1048 2594 Atque
1072 2511 1120 2575 sic
1143 2531 1163 2574 a
1185 2532 1274 2575 sum-

227 2611 290 2673 mis
313 2609 504 2677 hominibus
527 2609 833 2695 eruditissimisque
856 2615 1056 2697 accepimus,
1082 2622 1272 2679 ceterarum

225 2735 337 2778 rerum
360 2713 474 2777 studia
497 2734 540 2776 ex
563 2712 719 2778 doctrina
749 2723 784 2779 et
814 2718 1000 2801 praeceptis
1031 2725 1066 2782 et
1095 2726 1166 2783 arte
1197 2740 1273 2782 con-

225 2825 324 2894 stare,
355 2820 489 2902 poctam
520 2825 641 2880 natura
671 2819 745 2902 ipsa
775 2820 887 2884 valere
917 2827 953 2884 et
990 2823 1113 2885 mentis
1144 2822 1273 2888 viribus

226 2923 367 2987 excitari
390 2928 425 2986 et
447 2922 543 3006 quasi
560 2921 676 2986 divino
692 2922 838 3007 quodam
854 2925 975 3008 spiritu
993 2923 1112 2988 inflari.
1159 2924 1272 3004 Quare

171 3043 200 3088 25
222 3048 284 3091 suo
306 3027 378 3091 iure
404 3034 519 3090 noster
541 3026 598 3091 ille
623 3027 755 3092 Ennius
780 3028 949 3092 ‘sanctos'
974 3029 1122 3112 appellat
1145 3033 1271 3113 poiitaS,

226 3129 318 3214 quod
348 3131 445 3215 quasi
467 3130 607 3195 deorum
637 3132 752 3216 aliquo
783 3132 871 3196 dono
902 3139 1003 3217 atque
1027 3155 1163 3196 munere
1187 3155 1272 3197 com-

153 3235 209 3297 Δ19
225 3234 373 3298 mendati
409 3234 504 3299 nobis
542 3257 614 3300 esse
647 3235 834 3300 videantur.
896 3235 950 3301 Sit
987 3237 1101 3322 igitur,
1132 3236 1271 3312 iudices,

226 3343 381 3400 sanctum
404 3336 495 3421 apud
517 3359 588 3414 voS,
606 3337 866 3403 humanissimos
890 3339 1051 3414 homines,
1068 3339 1130 3403 hoc
1153 3343 1271 3423 poetae

226 3462 357 3516 nomen,
381 3439 474 3524 quod
504 3441 599 3505 nulla
621 3463 782 3526 umquam
812 3442 964 3507 barbaria
987 3443 1136 3507 violavit.
1183 3442 1272 3509 Saxa

171 3559 200 3605 so
222 3552 258 3609 et
278 3544 480 3609 solitudines
502 3546 578 3610 voci
602 3546 816 3630 respondent,
841 3547 967 3613 bestiae
991 3568 1089 3631 saepe
1109 3547 1272 3612 immanes

225 3656 327 3728 cantu
349 3647 534 3713 flectuntur
556 3656 658 3735 atque
681 3653 893 3727 consistunt3
917 3673 977 3716 nos
1001 3651 1151 3716 instituti
1171 3651 1270 3715 rebus

225 3753 359 3837 optimis
385 3775 454 3817 non
483 3757 659 3838 poetarum
692 3777 774 3819 voce
805 3755 1024 3819 moveamur?
1049 3743 1052 3770 '
1085 3755 1271 3818 Homerum

226 3854 428 3942 Colophonii
451 3859 560 3926 civem
583 3880 656 3925 esse
688 3859 808 3924 dicunt
833 3882 944 3936 suum,
977 3859 1053 3923 Chii
1077 3880 1178 3923 suum
1201 3859 1271 3924 vin·
