2800 4367
177 349 239 412 306
304 361 355 410 ns
372 315 529 409 merare
547 358 604 408 ou.
624 358 764 407 rouen
781 357 833 407 au
850 357 1025 416 ouranos
1043 356 1201 408 ouarro.

230 534 409 619 Pompeius
426 534 578 617 privatus
595 538 684 596 esset
698 531 762 596 hoe
779 539 937 617 tempore,
955 538 1067 596 tamen
1083 530 1126 594 ad
1140 537 1308 596 tantum
1370 559 1371 598 r

200 690 203 693 ,
228 638 354 703 bellum
370 640 397 701 is
413 645 486 702 erat
501 636 700 723 deligendus
724 644 827 721 atque
851 636 1059 712 mittendus3
1083 657 1173 700 nunc
1205 658 1304 700 cum
1370 681 1371 704 ι

228 742 270 807 ad
286 750 412 806 ceteras
435 763 581 805 summas
608 741 773 804 utilitates
796 741 876 806 haec
903 762 1038 826 quoque
1065 741 1306 826 oportunitas
1370 771 1371 794 1

189 863 204 906 5
226 845 441 932 adiungatur,
459 853 499 908 ut
514 846 550 908 in
565 846 605 909 iis
622 846 703 929 ipsis
728 845 810 915 locis
834 844 932 922 adsit,
951 852 990 909 ut
1006 844 1127 910 habeat
1154 846 1304 909 exerei-
1370 911 1371 916 ,

230 958 313 1026 tum,
345 958 384 1013 ut
414 949 455 1014 ab
485 950 536 1026 iis,
568 950 627 1033 qui
658 948 793 1025 habent,
825 950 974 1033 accipere
1005 950 1119 1012 statim
1158 946 1301 1033 pessit,
1370 983 1371 1024 t

228 1054 312 1140 quid
327 1055 569 1138 expectamus?
594 1061 729 1117 auteur
752 1075 819 1116 non
843 1039 993 1118 ducibus*
1009 1052 1060 1117 dis
1084 1055 1300 1118 immortali-

228 1159 290 1222 bus
323 1158 440 1234 eidem,
477 1159 532 1222 oui
565 1165 676 1222 cetera
699 1178 830 1221 summa
854 1179 930 1222 cum
956 1157 1065 1222 salute
1089 1158 1136 1222 rei
1170 1158 1300 1242 publi·
1370 1197 1371 1236 ;

152 1334 157 1344 ι
228 1284 285 1326 cae
314 1263 489 1326 commissa
515 1268 605 1337 sunt,
629 1260 691 1325 hoc
716 1283 853 1346 quoque
879 1261 1006 1326 bellum
1035 1263 1167 1348 regium
1194 1284 1297 1326 com·
1370 1305 1371 1314 η

176 1384 205 1428 10
227 1366 421 1430 mittamus?

175 1474 212 1536 51
271 1470 322 1533 At
345 1471 434 1534 enim
450 1471 502 1534 vir
526 1470 739 1546 clarissimus
757 1471 1005 1535 amantissimus
1034 1471 1080 1534 rei
1108 1469 1290 1554 publicae,

228 1575 348 1640 vestris
387 1573 554 1638 beneficiis
593 1575 808 1659 amplissimis
847 1573 1010 1651 adfectus,
1043 1573 1084 1652 Q.
1118 1573 1288 1651 Catulus,
1370 1623 1371 1660 p

228 1680 374 1762 itemque
392 1679 530 1742 summis
549 1680 753 1742 ornamentis
780 1679 924 1755 honoris,
943 1677 1108 1754 fortunae,
1126 1679 1287 1755 virtutis
1370 1739 1371 1765 ἦ

228 1782 355 1868 ingenii
381 1776 565 1866 praeditus,
591 1781 633 1860 Q.
659 1781 872 1856 Hortensius,
902 1782 943 1845 ab
969 1782 1030 1846 hac
1059 1783 1189 1846 ratione
1218 1783 1289 1847 dis·
1370 1833 1371 1866 Ξ

177 1902 203 1948 15
226 1888 388 1951 sentiunt.
436 1886 588 1965 Quorum
614 1908 676 1972 ego
693 1889 928 1951 auctoritatem
953 1886 1044 1971 apud
1073 1909 1131 1951 vos
1157 1889 1285 1951 multis
1370 1945 1371 1974 ,

227 1991 310 2054 locis
333 1991 514 2075 plurimum
539 1991 685 2054 valuisse
717 1997 751 2054 et
775 1992 885 2056 valere
911 1999 1062 2076 oportere
1095 1991 1282 2065 confiteor3
1370 2053 1371 2079 ἶ

229 2095 289 2160 sed
329 2097 365 2157 in
396 2095 457 2158 hac
497 2116 606 2170 eausa,
640 2097 773 2159 tametsi
812 2097 1020 2180 cognoscetis
1058 2097 1283 2160 auctoritates

227 2199 409 2265 contrarias
449 2199 595 2261 virorum
635 2197 893 2263 fortissimorum
933 2207 967 2264 et
1005 2200 1280 2275 clarissimorum,
1370 2269 1371 2288 ἶ

227 2312 340 2368 tamen
375 2303 505 2367 omissis
536 2301 790 2366 auctoritatibus
822 2305 894 2388 ipsa
929 2327 963 2368 re
994 2326 1031 2367 ac
1063 2305 1190 2368 ratione
1224 2327 1282 2368 ex·
1370 2373 1371 2392 ,

174 2410 357 2493 acquirere
382 2429 559 2492 possumus
588 2407 772 2483 veritatem,
796 2415 898 2492 atque
925 2405 986 2471 hoc
1012 2407 1156 2484 facilius,
1184 2407 1279 2492 quod
1370 2463 1371 2496 ,

227 2534 266 2576 ea
289 2513 409 2587 omnia,
427 2533 512 2596 quae
529 2532 548 2574 a
564 2533 616 2576 me
643 2511 753 2575 adhuc
779 2510 869 2574 diota
896 2520 984 2587 sunt,
1003 2511 1091 2575 idom
1116 2513 1172 2575 isti
1197 2533 1280 2576 vera
1370 2597 1371 2602 ἵ

227 2638 298 2680 esse
315 2615 516 2691 concedunt,
534 2624 568 2680 et
585 2617 806 2680 necessarium
824 2616 950 2679 bellum
974 2638 1046 2680 esse
1064 2624 1099 2680 et
1115 2637 1277 2702 magnum
1370 2669 1371 2702 5

175 2724 215 2787 52
226 2728 261 2784 et
290 2721 324 2801 in
357 2741 424 2782 uno
456 2719 518 2783 Cn.
552 2719 710 2804 Pompeio
750 2740 879 2783 summa
910 2741 981 2784 esse
1013 2721 1134 2784 omnia.
1182 2719 1276 2798 Quid

228 2825 332 2912 igitur
357 2825 406 2888 ait
433 2823 662 2889 Hortensius?
708 2823 743 2888 Si
769 2825 828 2887 uni
852 2825 962 2887 omnia
990 2823 1167 2889 tribuenda
1194 2824 1273 2899 sint,
1370 2891 1371 2910 ,

174 2946 202 2990 25
226 2929 461 3016 dignissimum
500 2951 570 2993 esse
612 2929 819 3013 Pompeium,
852 2928 911 2993 sed
949 2928 991 2991 ad
1023 2949 1128 2991 unum
1160 2936 1271 2992 tamen

227 3035 338 3097 omnia
354 3033 477 3098 deferri
494 3055 560 3096 non
577 3041 739 3117 oportere.
787 3032 964 3098 Obsolevit
988 3034 1051 3096 iam
1080 3034 1144 3096 ista
1167 3033 1271 3097 oratio

227 3162 262 3204 re
279 3141 386 3203 multo
414 3139 519 3224 magis
549 3160 649 3222 quam
675 3139 784 3202 verbis
813 3138 969 3203 refutata.
1017 3137 1103 3202 Nam
1119 3147 1158 3202 tu
1174 3138 1268 3213 idem,

230 3243 272 3322 Q.
290 3243 460 3319 Hortensi,
478 3243 585 3306 multa
608 3264 667 3326 pro
684 3250 743 3306 tua
768 3264 898 3306 summa
925 3244 1020 3327 eopia
1046 3243 1270 3330 ac'singulari

229 3347 390 3411 facultate
423 3346 557 3411 dicendi
581 3348 670 3410 etin
707 3354 827 3412 senatu
860 3348 1110 3412 contravirum
1140 3347 1266 3420 fortem,

174 3466 203 3510 ³0
225 3451 265 3515 A.
301 3450 492 3526 Gabinium,
520 3452 668 3536 graviter
699 3459 881 3536 ornateque
914 3451 1041 3528 dixisti,
1071 3473 1148 3516 cum
1178 3452 1205 3515 is
1228 3449 1266 3512 de
1370 3461 1371 3466 ’

228 3556 302 3619 uno'
323 3557 520 3640 imperatore
546 3563 663 3619 contra
690 3556 874 3640 praedones
902 3555 1138 3621 constituendo
1161 3555 1265 3640 legem
1370 3573 1371 3637 3

228 3661 482 3746 promulgasset,
513 3668 549 3723 et
585 3682 627 3723 ex
666 3659 728 3723 hoc
767 3661 839 3744 ipso
876 3661 950 3726 loeo
988 3661 1154 3745 permulta
1190 3661 1265 3722 item
1370 3653 1371 3660 '

174 3763 213 3826 53
229 3771 344 3827 contra
359 3785 432 3828 eam
447 3764 557 3849 legem
573 3763 674 3827 verba
698 3763 818 3828 iecisti.
868 3765 985 3844 Quid?
1010 3772 1093 3840 tum,
1111 3787 1169 3850 per
1192 3761 1263 3826 deos

226 3857 449 3933 immortales!
482 3868 511 3931 si
528 3867 604 3952 plus
627 3868 718 3952 apud
734 3869 896 3953 populum
914 3869 1101 3932 Romanum
1132 3865 1272 3932 auctori·v
