2800 4367
478 397 557 448 car.
582 399 671 460 soar,
696 397 710 460 s
733 399 820 450 msa
1052 447 1058 456 ,
1153 381 1217 450 279

74 571 301 638 mehercule
331 571 433 656 ipsae,
451 591 536 655 quae
564 570 656 634 illam
684 570 815 634 belnam
847 568 963 640 cadere
995 567 1163 646 viderunt,

77 698 294 743 commosse
319 697 356 740 se
379 674 539 739 videntur
560 681 597 738 et
619 674 671 738 ius
696 674 730 736 in
759 674 816 736 illo
844 695 943 737 suum
974 674 1163 738 retinuisse.

79 784 158 848 Vos
180 783 292 848 enim
317 781 393 856 iam,
412 778 535 842 Albani
559 778 681 843 tumuli
706 785 807 862 atque
832 778 910 854 luci,
929 798 998 852 vos,
1016 778 1164 862 inquam,

81 888 246 973 imploro
264 893 372 969 atque
388 883 547 960 obtestor,
558 904 697 968 vosque,
712 881 921 946 Albanorum
938 881 1076 947 obrutae
1090 903 1164 948 arae

84 1012 280 1057 sacrorum
312 988 429 1074 populi
461 987 602 1052 Romani
626 987 735 1051 sociae
759 993 793 1050 et
816 985 983 1071 aequales,
1001 1008 1085 1072 quas
1109 987 1218 1052 illem

86 1117 269 1180 praeceps
287 1092 436 1157 amentia
451 1092 554 1156 caesis
570 1091 813 1176 prostratisque
835 1091 1052 1155 sanctissimis
1077 1091 1160 1156 lucis

88 1199 404 1265 substructionum
435 1196 560 1260 insanis
592 1195 736 1260 molibus
768 1204 997 1282 oppresserat3
1033 1204 1163 1261 vestrae

91 1316 171 1370 tum
192 1307 281 1379 irae,
299 1309 429 1367 vestrae
447 1302 626 1388 religiones
644 1302 836 1388 viguerunt,
849 1308 961 1366 vestra
977 1302 1028 1366 vis
1044 1302 1162 1378 valuit,

24 1436 25 1459 r
93 1427 209 1490 quam
232 1403 295 1467 ille
319 1402 409 1467 omni
433 1402 557 1466 scelere
582 1402 769 1486 polluerat3
794 1409 900 1486 tuque
924 1423 966 1466 ex
991 1409 1049 1465 tuo
1073 1401 1163 1466 edito

94 1517 235 1584 monte,
255 1507 400 1570 Latiaris
415 1513 528 1570 sancte
547 1506 709 1590 Iuppiter,
728 1505 897 1570 cuius'iile
913 1505 1016 1580 lacus,
1031 1528 1165 1569 nemora
1188 1523 1217 1567 25

96 1615 265 1696 finesque
280 1631 379 1694 saepe
397 1610 485 1672 omni
502 1608 631 1673 nefario
646 1617 764 1694 stupro
781 1615 817 1674 et
831 1608 953 1673 scelere
970 1610 1162 1686 macularat,

98 1712 297 1802 aliquando
312 1712 354 1778 ad
378 1735 453 1778 eum
478 1713 703 1798 poeniendum
727 1714 841 1777 oculos
864 1714 1044 1797 aperuisti3
1068 1713 1163 1778 vobis

100 1824 199 1897 illae,
217 1819 316 1884 vobis
333 1825 445 1884 vestro
462 1818 496 1880 in
514 1825 695 1904 conspectu
720 1839 822 1894 serae,
839 1815 900 1882 sed
923 1818 1029 1882 iustae
1054 1826 1165 1883 tamen
1224 1862 1230 1874 ·

102 1936 140 1992 et
165 1924 304 1990 debitae
327 1944 452 2008 poenae
477 1923 606 1987 solutae
631 1930 721 1987 sunt.
768 1921 842 1986 Nisi
867 1921 952 1986 forte
979 1921 1040 1986 hoc
1063 1924 1240 1988 etiam86.

103 2053 191 2096 casu
224 2028 353 2093 factum
380 2049 453 2094 esse
484 2026 643 2103 dicemus
668 2033 708 2090 ut
737 2035 815 2090 ante
846 2028 955 2111 ipsum
986 2029 1165 2091 sacrarium
1188 2041 1218 2085 30

106 2138 230 2200 Bonae
246 2134 338 2211 deae,
356 2132 448 2218 quod
466 2141 518 2198 est
534 2134 568 2196 in
586 2131 693 2196 fundo
710 2131 749 2195 T.
768 2130 862 2216 Sergi
880 2130 979 2206 Galli,
996 2131 1031 2193 in
1048 2133 1163 2216 primis

107 2241 247 2305 honesti
279 2247 315 2305 et
344 2240 453 2304 ornati
485 2238 720 2314 adulescentis,
752 2244 829 2300 ante
868 2237 983 2320 ipsam,
1014 2237 1162 2321 inquam,

111 2347 245 2409 Bonam
261 2343 371 2420 deam,
386 2366 462 2408 cum
480 2343 644 2428 proelium
662 2341 893 2416 commisisset,
910 2342 1053 2424 primum
1077 2342 1163 2405 illud

110 2450 238 2515 volnus
265 2449 525 2534 acciperetque
558 2447 782 2511 taeterrimam
815 2452 955 2509 mortem
986 2445 1101 2518 obiret,
1126 2455 1165 2510 ut

112 2577 183 2619 non
200 2554 374 2619 absolutus
391 2554 515 2618 iudicio
533 2554 591 2616 illo
608 2551 736 2617 nefario
753 2551 932 2627 videretur,
946 2549 1006 2615 sed
1021 2548 1064 2614 ad
1080 2551 1165 2620 hanc
1189 2563 1218 2608 aa

112 2661 282 2744 insignem
312 2680 454 2743 poenam
481 2665 684 2723 reservatus.
743 2673 863 2718 xxxn.
895 2654 965 2720 Nec
989 2678 1067 2720 vero
1098 2677 1165 2720 non

114 2762 232 2827 eadem
256 2763 303 2825 ira
326 2761 464 2826 deorum
487 2761 573 2825 hanc
596 2762 669 2825 eius
692 2759 893 2824 satellitibus
921 2761 1036 2824 iniecit
1058 2782 1166 2825 amen-

114 2869 208 2943 tiam,
225 2874 266 2931 ut
288 2867 360 2932 sine
383 2866 594 2953 imaginibus,
618 2866 691 2930 sine
720 2873 821 2929 cantu
848 2871 950 2949 atque
977 2864 1076 2941 ludis,
1094 2867 1165 2930 sine

117 2972 281 3057 exequiis,
298 2971 370 3036 sine
386 2970 552 3047 lamentis,
568 2970 639 3034 sine
663 2968 923 3046 laudationibus,
940 2970 1010 3034 sine
1036 2969 1164 3046 funere,

118 3076 244 3140 oblitus
261 3097 377 3140 cruore
393 3083 428 3140 et
443 3076 526 3151 luto,
544 3075 706 3158 spoliatus
724 3073 817 3138 illius¹
834 3074 980 3158 supremi
1004 3073 1070 3138 diei
1087 3075 1168 3138 cele·
1190 3091 1204 3135 5

118 3179 250 3257 britate,
274 3179 329 3244 cui
355 3179 473 3244 cedere
504 3179 630 3242 inimici
661 3178 761 3242 etiam
793 3178 912 3254 solent,
937 3177 1167 3244 ambureretur

118 3283 277 3358 abiectus.
324 3283 400 3347 Non
416 3283 520 3348 fuisse
545 3282 642 3348 credo
667 3282 717 3346 fas
741 3283 1001 3348 clarissimorum
1019 3284 1166 3347 virorum

119 3387 241 3453 formas
257 3388 306 3450 illi
322 3388 513 3452 taeterrimo
530 3386 711 3471 parricidae
727 3387 858 3473 aliquid
882 3387 1012 3452 decoris
1036 3385 1165 3464 afferre,

120 3513 228 3576 neque
245 3493 316 3556 ullo
332 3492 367 3555 in
383 3493 456 3556 loco
474 3493 585 3576 potius
601 3498 743 3556 mortem
760 3492 833 3557 eius
849 3491 995 3568 lacerari,
1014 3512 1114 3575 quam
1131 3491 1166 3554 in

120 3617 188 3680 quo
203 3605 292 3661 esset
306 3597 377 3660 vita
393 3595 560 3660 damnata.
1192 3606 1221 3653 10

139 3701 257 3765 ‘Dura
298 3699 428 3764 medius
466 3699 564 3765 fidius
611 3701 692 3764 mihi
741 3701 807 3764 iam
853 3699 1004 3766 Fortuna
1050 3699 1167 3786 populi
1179 3702 1219 3764 87

121 3804 260 3869 Romani
292 3812 327 3868 et
356 3803 501 3868 crudelis
534 3804 722 3881 ridebatur,
746 3827 831 3889 quae
863 3814 916 3871 tot
941 3827 1046 3871 annos
1069 3805 1166 3868 illum

24 3908 25 3989 l
120 3908 154 3971 in
177 3909 262 3973 hanc
287 3929 355 3972 rem
383 3908 550 3993 publicam
579 3908 740 3973 insultare
763 3917 944 3994 pateretur.
991 3910 1165 3984 Polluerat
