2800 4367
184 343 225 407 36
504 351 576 403 rao
599 352 628 401 n.
653 350 814 403 unauna
836 348 986 400 enarro.
1085 322 1089 328 ’

235 534 307 609 hae,
323 534 414 598 sicut
433 527 525 617 apud
539 530 679 594 maiores
701 534 833 593 nost-ros
855 526 934 603 fuit,
949 548 1018 592 non
1041 527 1148 613 magis
1171 528 1296 593 nobili·
1384 513 1386 574 }

235 639 297 703 tati
312 658 413 722 quam
430 634 551 700 virtuti
567 640 709 719 pateret,
721 654 789 696 non
804 630 998 706 arbitrabar,
1010 652 1088 695 cum
1104 653 1148 695 ex
1160 631 1295 697 familia

186 758 213 803 ro
235 748 347 807 vetere
363 746 399 805 et
413 738 549 803 inlustri
569 737 687 803 consul
711 736 907 822 designatus
930 733 972 799 ab
995 735 1121 819 equitis
1144 736 1294 802 Romani

235 846 304 910 fflio
331 843 469 910 consule
496 840 745 916 defenderetur,
761 840 802 905 de
825 840 958 927 generis
983 841 1134 907 novitate
1156 862 1296 907 accusa-

234 956 324 1013 tores
349 970 421 1013 esse
444 946 604 1011 dicturos.
651 945 788 1010 Etenim
803 944 887 1007 mihi
909 944 973 1029 ipsi
998 943 1131 1022 accidit,
1147 953 1189 1011 ut
1210 968 1294 1011 eum

235 1052 366 1119 duobus
382 1052 540 1137 patriciis,
551 1052 656 1116 altero
672 1048 917 1135 improbissimo
933 1056 1036 1133 atque
1053 1049 1292 1129 audacissime,

235 1158 340 1221 altero
364 1155 609 1220 modestissimo
634 1162 737 1239 atque
760 1143 886 1238 optimo
903 1153 985 1226 viro,
1001 1160 1169 1237 peterem3
1192 1177 1295 1239 supe-

184 1278 213 1321 15
235 1262 306 1325 ravi
322 1268 434 1325 tamen
450 1260 616 1346 dignitate
627 1258 820 1333 Catilinam,
831 1258 939 1343 gratia
956 1256 1109 1321 Galbam.
1155 1257 1294 1338 Quodsi

236 1364 271 1429 id
286 1366 410 1430 crimen
426 1364 656 1428 homini-novo
672 1384 744 1427 esse
760 1362 906 1437 deberet,
919 1360 1070 1445 proiecto
1082 1362 1164 1425 mihi
1176 1385 1293 1448 neque

186 1472 223 1533 18
239 1469 365 1532 inimici
386 1489 496 1552 neque
520 1465 628 1531 invidi
651 1465 848 1531 defuissent.
897 1464 1104 1529 Omittamus
1116 1467 1229 1556 'igitur
1245 1468 1292 1533 de

227 1594 348 1659 genere
372 1572 491 1647 dicere,
515 1572 612 1635 cuius
640 1578 692 1635 est
722 1592 843 1657 magna
873 1570 909 1633 in
941 1576 1087 1654 utroque
1119 1569 1292 1657 dignitas3

236 1677 408 1742 videamus
424 1666 544 1741 c'etera.
1268 1687 1272 1691 “

89 1766 91 1769 ’
184 1798 214 1841 ‘20
281 1780 529 1859 ‘Quaesturam
552 1801 619 1843 una
646 1781 753 1863 petiit,
778 1786 814 1844 et
843 1801 919 1843 sum
950 1799 1014 1864 ego
1039 1776 1151 1844 iactus
1174 1781 1289 1865 prior.'

236 1885 313 1949 Non
329 1892 381 1949 est
396 1882 665 1968 respondendum
682 1883 726 1947 ad
738 1884 857 1947 omnia.
897 1883 1017 1967 Neque
1033 1884 1121 1947 enim
1135 1891 1290 1949 vestrum

133 2063 138 2071 ⁸
236 1972 440 2073 quemquam
467 1986 567 2072 fugit,
605 2009 682 2051 eum
723 1988 822 2051 multi
854 2009 950 2071 pares
973 1986 1156 2073 ,dignitate
1194 1988 1289 2064 fiant,

236 2114 325 2157 unus
350 2100 464 2155 autem
491 2092 637 2175 primum
665 2091 776 2155 locum
792 2091 884 2154 solus
901 2091 1007 2175 possit
1033 2090 1194 2166 obtinere,
1218 2113 1288 2155 non

236 2195 381 2261 eundem
398 2216 470 2259 esse
487 2194 637 2260 ordinem
654 2195 828 2280 dignitatis
845 2202 880 2259 et
904 2195 1175 2271 renuntiationis
1192 2191 1300 2281 prop--

186 2317 214 2361 as
237 2308 328 2365 terea
350 2298 444 2383 quod
471 2299 676 2363 renuntiatio
702 2297 827 2384 gradus
855 2297 984 2376 habeat,
1002 2297 1150 2384 dignitas
1172 2308 1286 2365 autem

236 2406 282 2470 sit
310 2425 467 2488 persaepe
499 2402 614 2467 eadem
648 2403 807 2465 omnium.
854 2401 921 2466 Sed
952 2410 1135 2488 quaestura
1165 2406 1289 2469 utrius·

172 2554 174 2558 -
237 2531 303 2594 que
326 2529 427 2592 prope
455 2506 591 2570 modum
618 2507 690 2591 pari
716 2514 885 2571 momento
911 2509 1011 2573 sortis
1034 2506 1111 2572 fuit.
1141 2508 1289 2573 ¹Habuit

236 2612 290 2676 hic
321 2612 395 2697 lege
433 2611 526 2674 Titia
564 2612 770 2695 provinciam
805 2612 942 2675 taciturn
980 2620 1015 2677 et
1055 2613 1215 2696 quietam,
1247 2622 1285 2677 tu

161 2740 171 2753 ·
237 2718 338 2792 illam,
356 2716 420 2792 cui,
438 2736 515 2779 cum
538 2722 732 2800 quaestores
756 2716 956 2802 sortiuntur,
980 2718 1082 2781 etiam
1105 2716 1287 2781 adclamari

186 2834 215 2879 30
236 2821 332 2895 solet,
373 2818 573 2895 Ostiensem,
613 2841 681 2883 non
724 2826 793 2883 tam
831 2822 1012 2906 gratiosam
1048 2828 1084 2885 et
1120 2822 1287 2886 illustrem

237 2945 339 3009 qnam
370 2923 579 3009 negotiosam
610 2931 645 2988 et
674 2924 859 2988 molestam.
915 2923 1079 2989 Consedit
1108 2927 1287 3011 utriusque

239 3049 361 3092 nomen
388 3027 423 3089 in
455 3036 645 3111 quaestura.
693 3028 837 3091 Nullum
867 3028 957 3092 enim
978 3028 1073 3092 vobis
1102 3050 1173 3094 sors
1203 3052 1288 3094 cam-

237 3154 317 3216 pum
335 3131 438 3207 dedit,
456 3133 491 3195 in
509 3154 576 3217 quo
593 3154 768 3198 excurrere
787 3134 895 3197 virtus
917 3133 1140 3218 cognoscique
1164 3142 1285 3217 posset.

188 3239 225 3301 19
242 3252 292 3298 ΙΧ.
325 3235 462 3321 Reliqui
488 3238 645 3321 temporis
673 3237 820 3319 spatium
852 3236 888 3297 in
920 3235 1168 3299 contentionem
1193 3258 1287 3300 voca-

238 3348 303 3403 tur.
349 3340 406 3404 Ab
435 3347 579 3425 utroque
607 3339 831 3403 dissimillima
863 3339 990 3403 ratione
1023 3344 1201 3399 tractatum
1223 3346 1284 3400 est.

238 3443 374 3507 Servius
397 3443 450 3508 hic
478 3442 651 3507 nobiscum
676 3441 761 3504 hane
787 3441 949 3505 urbanam
972 3439 1127 3503 militiam
1153 3458 1286 3520 respon-

139 3603 142 3608 .
238 3547 348 3622 dandi,
372 3545 548 3621 scribendi,
573 3543 716 3609 cavendi
739 3544 873 3628 plenam
898 3540 1136 3607 sollicitudinis
1158 3562 1197 3605 ac
1221 3547 1286 3605 sto·

201 3668 215 3711 5
238 3650 345 3715 machi
361 3657 496 3715 secutus
520 3654 593 3724 est3
617 3648 670 3712 ius
688 3648 788 3712 civile
804 3646 932 3723 didicit,
949 3646 1094 3711 multum
1119 3646 1283 3732 vigilavit,

237 3755 409 3833 laboravit,
448 3762 579 3840 praesto
618 3753 735 3825 multis
773 3751 851 3830 fuit,
882 3754 1064 3818 multorum
1104 3751 1283 3817 stultitiam

237 3881 414 3944 perpessus
438 3868 499 3936 est,
516 3858 747 3946 adrogantiam
770 3860 919 3944 pertulit,
936 3858 1171 3925 difficultatem
1194 3878 1285 3922 exor-
