2800 4367
183 273 247 342 178
521 287 594 338 rno
617 288 648 336 r.
671 287 798 336 susrro
821 286 969 336 oaarro.

236 459 460 545 apstinentia3
484 457 543 522 sed
559 457 641 521 mihi
657 465 735 522 ante
755 455 869 522 oculos
889 456 1085 521 obversatur
1104 457 1146 519 rei
1166 456 1251 540 publi·

235 585 292 630 cae
309 562 467 649 dignitas,
485 583 571 648 quae
587 583 639 626 me
658 559 701 626 ad
722 583 795 626 sese
818 561 915 645 rapit,
932 560 1013 626 haec
1038 560 1156 624 minora
1176 561 1254 624 relin-

193 674 213 736 8
236 691 339 755 quere
357 669 519 732 hortatur.
566 667 735 747 Quaestor
749 666 803 730 hic
822 665 861 731 C.
880 666 1020 741 Antoni,
1037 664 1174 750 collegae
1194 666 1254 741 mei,

236 772 373 846 indices,
391 769 459 834 fnit
472 778 571 846 sorte,
587 768 646 834 sed
662 769 824 834 societate
843 769 1058 834 consiliorum
1081 791 1176 833 mens.
1214 769 1258 832 ln·

182 893 211 938 au
234 876 351 961 pcdior
373 897 439 939 non
464 874 591 938 nullius
614 873 726 949 officii,
743 881 783 937 ut
804 895 867 960 ego
883 874 1093 957 interpretor,
1110 873 1259 959 religione,

236 1003 303 1066 quo
320 981 430 1043 minus
446 999 620 1064 exponam,
637 999 739 1062 quam
756 978 863 1041 multa
878 977 917 1040 Ρ.
935 975 1077 1054 Sestius,
1094 999 1167 1042 cum
1188 986 1262 1042 esset

235 1106 311 1148 cum
327 1084 456 1170 collega
470 1104 554 1158 meo,
570 1082 722 1158 senserit,
740 1080 784 1147 ad
799 1103 851 1145 me
867 1079 1038 1158 detulerit,
1056 1088 1179 1166 quanto
1199 1088 1263 1145 ante

236 1188 427 1275 providerit.
475 1188 592 1272 Atque
612 1208 674 1273 ego
697 1185 739 1250 de
761 1185 911 1250 Antonio
939 1186 1023 1249 nihil
1051 1186 1125 1250 dico
1151 1193 1265 1270 praeter

237 1314 351 1368 unam,
367 1313 551 1377 numquam
567 1292 664 1354 illum
686 1290 746 1354 illo
769 1292 900 1355 summo
924 1291 1042 1356 timore
1070 1312 1107 1355 ac
1134 1291 1267 1375 periculo

182 1413 211 1458 aa
234 1399 380 1462 civitatis
408 1417 517 1480 neque
545 1417 758 1460 communem
789 1402 915 1460 metum
946 1396 1096 1459 omnium
1127 1417 1186 1459 nec
1209 1417 1269 1478 pro
1361 1415 1362 1474 ἢ

235 1502 341 1585 priam
357 1520 424 1562 non
440 1499 610 1562 nullorum
626 1497 666 1561 dc
683 1500 757 1582 ipso
780 1498 1003 1582 suspicionem
1027 1504 1087 1560 aut
1108 1496 1269 1561 infitiando

235 1604 353 1669 tollere
376 1612 436 1668 aut
458 1601 701 1667 dissimulando
726 1601 841 1667 sedare
861 1603 1018 1666 voluisse.
1065 1600 1106 1664 In
1131 1623 1197 1686 quo
1218 1601 1272 1666 col-

236 1709 313 1794 lega
342 1706 539 1772 sustinendo
569 1713 671 1790 atque
705 1705 906 1770 moderando
934 1706 961 1770 si
989 1726 1097 1769 meam
1126 1705 1159 1767 in
1186 1706 1271 1771 illum

236 1813 482 1898 indulgentiam
522 1801 735 1874 coniunctam
772 1831 848 1874 cum
878 1831 1009 1873 summa
1046 1808 1199 1872 custodia
1233 1810 1272 1872 rei

182 1933 212 1977 40
235 1915 386 2001 publicae
403 1915 537 1979 laudare
553 1937 631 1980 vere
648 1915 815 1991 solebatis,
834 1935 894 1999 par
916 1935 1017 1998 prope
1041 1913 1115 1977 laus
1141 1913 1179 1975 Ρ.
1196 1911 1274 1978 Sesti

237 2004 445 2095 esse'debet,
462 2021 521 2104 qui
548 2021 596 2083 ita
621 2041 721 2084 snum
752 2020 924 2084 consulem
957 2018 1159 2094 observavit,
1183 2025 1276 2083 utet
1362 2011 1363 2054 ³

235 2125 286 2189 illi
316 2131 475 2209 quaestor
504 2123 612 2188 bonus
642 2132 677 2188 et
707 2124 802 2189 bonis
835 2123 988 2188 omnibns
1020 2123 1169 2208 optimus
1199 2121 1274 2187 civis

236 2228 416 2294 videretur.

194 2338 213 2399 9
280 2351 329 2395 lv.
361 2332 464 2407 Idem,
481 2353 557 2396 cnm
582 2333 641 2395 illa
667 2333 854 2396 coniuratio
880 2354 922 2396 ex
950 2331 1086 2398 latebris
1114 2339 1215 2418 atque
1239 2354 1275 2397 cx

236 2436 381 2501 tenebris
397 2438 562 2521 erupisset
578 2436 756 2522 palamque
772 2445 899 2501 armata
916 2438 1081 2512 volitaret,
1097 2438 1192 2502 venit
1206 2458 1276 2501 cum
1363 2461 1364 2484 i

236 2543 387 2606 exercitu
412 2541 573 2625 Capuam,
591 2563 692 2625 qnam
716 2541 830 2606 urbem
855 2549 994 2627 propter
1018 2542 1179 2626 plurimas
1202 2541 1277 2605 belli

237 2648 480 2731 oportunitates
496 2646 538 2709 ab
553 2646 612 2708 illa
629 2645 731 2730 impia
754 2654 789 2711 et
811 2648 972 2712 scelerata
999 2667 1100 2709 manu
1126 2645 1277 2730 temptari

198 2749 503 2834 ssuspicabamur3
533 2749 570 2814 C.
596 2750 828 2826 Mevulanum,
846 2751 1021 2816 tribunum
1044 2751 1191 2814 militum
1215 2750 1280 2813 Au-

236 2856 318 2929 toni,
337 2854 454 2938 Capua
480 2855 694 2940 praecipitem
729 2857 837 2932 eiecit,
862 2854 1030 2920 hominem
1056 2855 1225 2941 perditum
1248 2862 1281 2920 et

239 2981 305 3023 non
323 2958 461 3023 obscure
478 2958 609 3023 Pisauri
627 2967 661 3024 et
677 2962 712 3023 in
732 2960 805 3024 aliis
829 2961 900 3046 agri
928 2959 1049 3024 Gallici
1074 2957 1224 3044 partibus
1247 2960 1279 3020 in

236 3064 295 3126 illa
325 3063 554 3127 coniuratione
586 3072 766 3129 versatum.
813 3063 976 3148 Idemque
1003 3063 1041 3128 C.
1072 3063 1279 3138 Marcellum,

239 3190 316 3232 cum
343 3167 370 3229 is
398 3187 465 3229 non
493 3165 642 3252 Capuam
669 3169 777 3233 solnm
805 3169 963 3244 venisset,
980 3189 1096 3232 verum
1122 3170 1221 3232 etiam
1247 3190 1279 3231 se

184 3287 213 3333 ιο
236 3272 331 3357 quasi
347 3261 512 3334 armoruin
533 3271 647 3335 studio
670 3273 704 3335 in
730 3273 908 3340 maximam
936 3271 1098 3336 familiam
1128 3272 1281 3336 coniecis-

237 3384 299 3453 set,
316 3375 607 3440 exterminandum
623 3399 664 3440 ex
681 3377 740 3440 illa
753 3377 833 3441 urbe
848 3378 988 3442 curavit.
1036 3375 1112 3455 Qua
1125 3374 1166 3439 de
1183 3397 1281 3440 causa

237 3488 272 3545 et
288 3488 360 3544 tum
376 3487 563 3543 conventus
576 3480 633 3544 ille
647 3479 791 3564 Capuae,
804 3483 863 3566 qui
880 3489 1015 3566 propter
1030 3481 1174 3545 salutem
1190 3479 1280 3544 illius

237 3584 328 3648 urbis
344 3584 521 3647 consulatu
539 3592 767 3648 conservatam
793 3607 942 3649 income
970 3606 1076 3647 unum
1104 3591 1278 3669 patronum

236 3689 421 3773 adoptavit,
445 3687 525 3751 huic
557 3689 645 3772 apud
677 3711 729 3752 me
759 3687 795 3749 P.
826 3687 934 3752 Sestio
965 3689 1126 3752 maximas
1157 3690 1278 3774 gratias

185 3810 213 3857 15
235 3794 315 3880 egit,
331 3799 366 3856 et
381 3793 443 3855 hoc
461 3800 608 3876 tempore
625 3793 731 3857 eidem
749 3792 898 3856 homines
920 3794 1052 3858 nomine
1077 3800 1277 3857 commutato
