2800 4367
176 298 240 366 274
438 312 511 362 rao
533 312 564 362 Τ.
587 311 710 363 arsuro
733 311 878 362 uncus
900 310 1049 361 osane.

227 483 374 552 facinore
401 505 462 550 nec
485 485 522 550 in
543 483 693 561 libidine,
711 505 798 561 eum,
822 485 882 569 qui
905 482 1021 549 aedem
1044 482 1285 570 Nympharum
1376 509 1377 514 ¹

228 589 389 665 incendit,
420 596 461 654 ut
490 589 683 654 memoriam
714 587 883 674 publicam
914 588 1117 656 recensionis
1150 589 1282 654 tabulis

157 698 216 762 ’74
230 695 373 780 publicis
397 694 591 779 impressam
609 694 836 779 extingueret,
853 715 930 758 eum
956 692 1112 778 denique,
1132 694 1187 758 oui
1209 694 1284 757 iam

228 799 322 863 nulla
344 799 400 865 lex
423 804 505 873 erat,
528 797 662 862 nullum
692 796 792 862 civile
823 798 887 874 ius,
915 797 1001 860 nulli
1029 798 1284 883 possessionum

175 919 205 964 ac
226 905 371 981 termini,
388 905 448 988 qui
464 925 532 968 uon
550 902 718 967 calumnia
734 903 857 979 litium,
876 924 943 966 non
959 902 1094 967 iniustis
1119 902 1283 968 vindiciis

228 1030 265 1074 ac
292 1010 508 1074 sacramentis
539 1008 666 1072 alienos
697 1006 832 1084 fundos,
864 1007 924 1071 sed
950 1008 1081 1083 castris
1113 1008 1282 1084 exercitu,

227 1112 332 1198 siguis
347 1112 531 1178 inferendis
548 1111 694 1197 petebat,
712 1113 856 1195 quinon
879 1113 989 1176 solum
1014 1111 1173 1176 Etruscos
1200 1114 1284 1193 (eos

227 1218 316 1282 enim
331 1219 466 1303 penitus
487 1217 765 1301 contempserat),
793 1216 853 1281 sed
875 1216 964 1280 hunc
982 1215 1020 1279 P.
1045 1215 1196 1293 Varium,
1213 1216 1286 1280 for·

230 1323 397 1387 tissimum
426 1329 529 1406 atque
561 1323 727 1406 optimum
770 1321 887 1398 civem,
929 1320 1075 1385 iudicem
1112 1329 1282 1398 nostrum,

173 1441 203 1487 aa
225 1426 349 1511 pellere
364 1426 629 1510 possessionibus
645 1427 746 1490 armis
763 1426 948 1510 castrisque
973 1433 1113 1490 conatus
1137 1433 1199 1502 est,
1217 1428 1284 1510 qui

227 1552 305 1596 cum
318 1530 509 1596 architectis
534 1538 569 1595 et
591 1529 803 1615 decempedis
822 1530 920 1596 villas
944 1529 1129 1594 multorum
1151 1530 1285 1594 hortos-

208 1641 293 1720 'que
317 1633 524 1721 peragrabat,
541 1637 599 1720 qui
625 1635 778 1700 Ianiculo
804 1643 839 1700 et
864 1634 1011 1719 Alpibus
1035 1655 1129 1719 spem
1151 1656 1286 1718 posses-

227 1741 360 1804 sionum
378 1740 573 1803 terminarat
588 1761 736 1816 suarum,
754 1741 813 1825 qui
837 1761 914 1804 curn
929 1740 972 1804 ab
987 1740 1102 1824 equite
1126 1739 1283 1803 Romano

230 1843 406 1928 splendido
422 1851 457 1908 et
471 1842 561 1918 forti,
580 1844 628 1909 M.
646 1844 802 1920 Paconio,
821 1866 890 1908 non
913 1845 1134 1929 impetrasset,
1153 1850 1191 1907 ut
1213 1843 1283 1908 sibi

173 1964 203 2010 40
225 1948 369 2013 insulam
394 1949 430 2011 in
453 1949 530 2012 lacu
557 1948 663 2013 Prilio
690 1949 861 2024 venderet,
890 1955 1027 2033 repente
1060 1948 1217 2013 lintribus
1242 1950 1282 2012 in

227 2074 300 2118 eam
325 2052 472 2116 insulam
498 2055 683 2131 materiem,
716 2053 849 2130 calcem,
874 2062 1055 2130 caementa,
1088 2076 1180 2118 arma
1203 2075 1284 2118 con-

227 2157 323 2222 vexit
338 2156 541 2241 dominoque
558 2164 650 2222 trans
666 2159 773 2242 ripam
789 2159 999 2243 inspectante
1017 2181 1085 2223 non
1108 2158 1284 2223 dubitavit

176 2265 213 2328 ⁷5
230 2268 386 2326 extruere
401 2261 590 2325 aedificium
606 2263 641 2325 in
657 2263 777 2339 alieno,
795 2264 855 2346 qui
871 2263 950 2327 huic
975 2263 1014 2326 T.
1033 2262 1205 2339 Furfanio,
1222 2263 1282 2326 cui

230 2365 312 2441 viro,
340 2364 375 2429 di
397 2365 621 2430 immortales!
659 2366 763 2451 (quid
795 2368 885 2432 enim
916 2389 979 2453 ego
1009 2367 1051 2432 de
1079 2367 1282 2431 muliercula

173 2485 203 2530 ss
226 2468 371 2547 Scantia,
389 2469 472 2554 quid
488 2469 529 2534 de
546 2469 760 2536 adulescente
777 2470 816 2534 P.
831 2471 957 2556 Apinio
975 2471 1109 2536 dicam?
1132 2492 1280 2555 quorum
1376 2455 1377 2458 Ἴ

228 2575 363 2665 utrique
388 2582 529 2638 mortem
555 2581 607 2638 est
632 2576 819 2652 minitatus,
848 2576 912 2640 nisi
936 2576 998 2640 sibi
1015 2575 1189 2640 hortorum
1205 2597 1282 2660 pos-

228 2678 375 2742 sessione
405 2677 605 2760 cessissent)
619 2679 733 2743 -sed
765 2701 884 2744 ausum
923 2701 994 2746 esse
1033 2680 1073 2743 Τ.
1114 2678 1281 2744 Furfanio

227 2782 348 2858 dicere,
379 2783 408 2846 si
437 2781 500 2846 sibi
532 2784 719 2868 pecuniam,
758 2792 921 2869 quantam
958 2792 1164 2870 poposcerat,
1208 2805 1281 2848 non

227 2887 384 2962 dedisset,
407 2894 578 2950 mortuum
601 2910 636 2952 se
660 2890 695 2951 in
721 2888 858 2953 domum
882 2891 953 2954 eius
985 2890 1179 2964 inlaturum,
1209 2911 1280 2973 qua
1376 2945 1377 2948 ,

173 3009 204 3055 50
225 2990 353 3057 invidia
368 2989 447 3054 huic
464 2999 553 3056 esset
569 2992 630 3056 tali
641 2995 713 3058 viro
727 2992 1001 3079 conflagrandum
1015 3017 1022 3068 ;
1048 2993 1107 3077 qui
1124 2992 1280 3077 Appium

227 3095 374 3171 fratrem,
405 3095 575 3161 hominem
605 3099 687 3161 mihi
718 3099 936 3162 coniunctum
967 3097 1127 3162 fidissima
1157 3098 1279 3182 gratia,

229 3199 401 3264 absentem
416 3198 457 3264 de
473 3203 682 3284 possessione
701 3201 801 3265 fundi
818 3200 950 3276 deiecit,
967 3202 1026 3285 qui
1043 3201 1206 3285 parietem
1228 3201 1279 3264 sic

227 3327 286 3391 per
300 3304 508 3370 vestibulum
524 3308 645 3372 sororis
663 3307 814 3372 instituit
830 3305 963 3381 ducere,
980 3307 1028 3370 sic
1045 3327 1143 3392 agere
1159 3304 1281 3369 funda-

227 3417 350 3487 menta,
375 3416 415 3474 ut
436 3432 584 3476 sororem
606 3432 673 3474 non
700 3409 798 3474 modo
827 3410 996 3475 vestibulo
1027 3411 1185 3494 privaret,
1218 3409 1280 3473 sed

175 3530 205 3575 cs
227 3515 318 3578 omni
333 3513 431 3579 aditu
446 3523 482 3580 et
497 3514 633 3580 limine’

177 3621 216 3684 76
274 3635 411 3682 XXVIII.
451 3618 666 3703 Quamquam
696 3618 776 3689 haec
816 3617 953 3702 quidem
984 3620 1048 3682 iam
1087 3616 1279 3682 tolerabilia

229 3718 440 3800 videbantur,
451 3724 515 3787 etsi
524 3722 744 3806 aequabiliter
753 3722 788 3784 in
802 3743 872 3786 rem
883 3722 1063 3806 publicam,
1072 3724 1107 3784 in
1117 3722 1277 3806 privatos

189 3869 192 3873 -
230 3826 265 3889 in
280 3826 494 3914 longinquos,
510 3827 546 3888 in
568 3826 784 3910 propinquos,
801 3825 837 3887 in
862 3826 1052 3904 alienos-in
1074 3847 1152 3890 suos
1175 3827 1279 3890 irrue·
1317 3893 1328 3913 Ι,
