2800 4367
481 351 563 404 car.
587 353 676 416 eom,
699 349 713 411 t
739 352 856 404 nerse
1184 337 1247 404 235

150 541 245 587 uxr.
282 522 384 588 Nam
408 524 493 609 quid
516 546 578 611 ego
602 525 660 589 illa
683 523 725 588 de
749 545 801 589 me
824 522 940 589 diviua
961 529 1099 590 senatus
1121 527 1268 590 oon-129

105 629 211 693 sulta
229 628 534 694 commemorem?
555 629 610 693 vel
634 627 726 714 quod
751 628 786 692 in
813 629 939 714 templo
960 627 1053 694 Iovis
1074 629 1194 714 optimi

107 734 271 798 maximi
291 733 427 798 factum
444 740 507 810 est,
520 755 597 797 cum
611 734 664 798 vir
679 734 718 810 is,
736 735 795 818 qui
812 733 999 818 tripertitas
1019 731 1108 798 orbis
1132 739 1194 798 ter-

109 861 251 914 rarum,
272 861 355 904 oras
380 845 483 924 atque
509 838 662 925 regiones
687 838 795 904 tribus
819 838 996 924 triumphis
1020 837 1195 903 adiunctas

111 943 204 1008 huic
242 944 396 1028 imperio
420 944 563 1019 notavit,
586 941 628 1008 de
655 943 782 1028 scripto
806 943 976 1008 sententia
1001 942 1091 1008 diota
1114 943 1196 1006 mihi
1233 959 1248 1004 n

114 1049 183 1110 uni
211 1049 460 1112 testimonium
477 1047 603 1132 patriae
628 1053 844 1112 conservatae
866 1045 980 1122 dedit;
1005 1047 1101 1112 cuius
1124 1068 1196 1112 sen·

115 1154 284 1216 tentiam
316 1153 366 1216 ita
395 1151 688 1236 frequentissimus
720 1159 857 1216 senatus
888 1159 1024 1217 secutus
1062 1158 1124 1228 est,
1156 1159 1196 1216 ut

120 1279 225 1321 unus
259 1256 458 1320 dissentiret
486 1255 593 1320 hostis
623 1253 726 1340 idque
755 1256 864 1340 ipsum
897 1254 1021 1320 tabulis
1052 1255 1194 1340 publicis

121 1360 361 1424 mandaretur
386 1358 429 1423 ad
457 1360 649 1424 memoriam
681 1359 806 1444 posteri
838 1360 995 1444 temporis
1026 1359 1196 1444 sempiter-

125 1487 240 1540 nam3
266 1466 325 1529 vel
340 1464 432 1548 quod
447 1471 499 1529 est
514 1463 675 1548 postridie
701 1463 876 1528 decretum
902 1465 937 1527 in
963 1465 1056 1528 curia
1080 1464 1195 1548 populi
1220 1480 1249 1525 10

127 1571 248 1654 ipsius
278 1569 419 1633 Romani
445 1576 481 1632 et
507 1589 633 1645 eorum,
658 1569 718 1652 qui
746 1589 788 1632 ex
816 1568 1008 1652 municipiis
1035 1589 1195 1632 convene-

128 1681 228 1748 rant,
261 1671 447 1748 admonitu,
478 1694 521 1736 ne
551 1673 628 1757 quis
660 1671 701 1736 de
734 1672 827 1736 caelo
858 1678 1016 1749 servaret,
1044 1693 1086 1736 ne
1117 1673 1193 1757 quis

130 1799 269 1842 moram
302 1777 406 1841 ullam
435 1775 603 1852 adferret3
642 1777 671 1841 si
703 1776 780 1861 quis
811 1776 909 1840 aliter
939 1775 1083 1852 iecisset,
1116 1798 1193 1863 eum

132 1883 241 1966 plane
266 1902 451 1946 eversorem
477 1882 524 1946 rei
547 1881 701 1966 publicae
727 1880 798 1946 iore
822 1879 925 1965 idque
948 1888 1104 1945 senatum
1125 1902 1197 1967 gra-

132 1987 281 2050 vissime
311 1986 469 2060 laturum,
493 1993 529 2050 et
559 1993 599 2049 ut
622 1985 738 2050 statim
763 1984 804 2050 de
836 1985 908 2049 eius
939 1983 1029 2050 facto
1060 1984 1246 2050 referre-15

133 2098 209 2154 tur.
266 2089 342 2168 Qua
368 2091 535 2175 gravitate
565 2110 628 2154 sua
657 2110 734 2153 cum
766 2088 927 2174 frequens
957 2096 1094 2153 senatus
1125 2111 1193 2153 non

134 2194 313 2257 nullorum
341 2193 450 2257 scelus
479 2193 723 2278 audaciamque
756 2192 931 2270 tardasset,
960 2201 1072 2257 tamen
1104 2193 1191 2257 illud

135 2297 284 2373 addidit,
302 2305 350 2373 ut,
366 2298 395 2360 si
410 2296 528 2362 diebus
545 2299 708 2383 quinque,
726 2299 851 2383 quibus
874 2299 928 2385 agi
953 2296 994 2362 de
1021 2320 1073 2362 rne
1097 2306 1191 2382 potu-

136 2406 233 2479 isset,
259 2423 326 2465 non
353 2408 441 2467 esset
470 2409 594 2481 actum,
622 2402 764 2466 redirem
794 2404 829 2466 in
857 2403 998 2488 patriam
1027 2401 1192 2488 dignitate

137 2507 233 2570 omni
249 2514 453 2590 recuperata.
499 2523 585 2572 nxn.
599 2506 774 2572 =Decrevit
796 2506 912 2571 eodem
929 2515 1078 2591 tempore
1101 2511 1266 2573 sena-130

138 2621 208 2687 tuS,
227 2617 267 2674 ut
292 2611 343 2687 iis,
361 2612 420 2694 qui
444 2633 487 2675 ex
514 2617 586 2675 tota
614 2609 716 2674 Italia
741 2611 860 2675 salutis
885 2632 977 2676 meae
1001 2631 1100 2675 causa
1116 2632 1191 2675 oon-

139 2722 315 2791 venerant,
346 2723 526 2800 agerentur
555 2716 693 2801 gratiae,
726 2722 828 2800 atque
868 2723 907 2779 ut
936 2714 1035 2792 idern,
1067 2715 1109 2779 ad
1140 2737 1192 2780 res

139 2819 315 2884 redeuntis
341 2826 382 2883 ut
407 2821 572 2896 venirent,
591 2827 800 2907 rogarentur.
848 2818 941 2884 Haec
966 2827 1037 2883 erat
1066 2818 1191 2883 studio-

139 2947 217 2996 rum
246 2913 282 2988 in
320 2945 393 2990 mea
430 2924 538 2989 salute
569 2925 752 3001 contentio,
783 2931 824 2988 ut
860 2925 895 3000 ii,
927 2924 986 3008 qui
1020 2945 1039 2987 a
1072 2932 1193 2988 senatu
1230 2939 1244 2984 5

141 3029 183 3094 de
200 3052 253 3095 me
269 3028 483 3115 rogabantur,
500 3028 607 3093 eidem
631 3028 764 3093 senatui
786 3050 846 3114 pro
872 3050 923 3092 me
949 3029 1187 3113 supplicarent

141 3136 258 3219 Atque
285 3135 333 3197 ita
359 3135 395 3196 in
422 3132 474 3197 his
500 3133 600 3198 rebus
625 3155 714 3197 unus
742 3141 794 3198 est
820 3133 912 3197 solus
939 3132 1108 3209 iuventus,
1132 3132 1191 3216 qui

141 3238 183 3302 ab
207 3238 267 3301 hac
295 3245 364 3301 tam
388 3238 529 3322 inpensa
553 3237 730 3302 voluntate
758 3237 922 3301 bonorum
953 3238 1064 3322 palam
1097 3235 1189 3301 dissi·

141 3341 246 3419 deret,
262 3349 303 3406 ut
326 3343 428 3406 etiam
457 3341 499 3420 Q.
524 3342 685 3406 Metellus
711 3342 840 3418 consul,
857 3342 917 3426 qui
942 3342 1023 3406 mihi
1047 3342 1103 3407 vel
1126 3363 1192 3405 ma-

141 3447 231 3510 xime
262 3466 304 3510 ex
335 3446 465 3532 magnis
496 3445 769 3511 contentionibus
800 3447 847 3510 rei
879 3445 1032 3530 publicae
1070 3445 1193 3510 fuisset
1215 3461 1244 3506 10

140 3550 306 3627 inimicus,
323 3549 364 3614 de
381 3572 454 3614 mea
468 3551 576 3615 salute
600 3551 779 3615 rettulerit.
828 3549 897 3630 Qui
921 3553 1089 3616 excitatus
1113 3572 1190 3615 eum

25 3696 27 3711 ι
142 3674 272 3719 summa
296 3654 497 3719 auctoritate
523 3663 670 3731 senatus,
694 3662 766 3718 tum
793 3654 831 3718 Ρ.
853 3653 975 3720 Servili
1000 3655 1188 3720 incredibili

25 3752 27 3811 ῗ
144 3751 286 3842 quadam
302 3759 469 3846 gravitate
486 3758 630 3836 dicendi,
647 3779 724 3822 cum
747 3760 803 3823 ille
820 3761 928 3824 omnis
953 3781 1055 3845 prope
1079 3761 1120 3824 ab
1144 3761 1190 3822 iu-

26 3864 27 3875 ’
143 3860 220 3928 ieris
247 3870 420 3930 evocasset
438 3863 596 3928 Metellos
621 3870 656 3927 et
676 3862 720 3927 ad
743 3863 835 3926 illius
851 3865 993 3948 generis
1012 3865 1104 3947 quod
1126 3860 1188 3927 sibi
