2800 4367
388 361 444 412 ur.
468 361 533 418 111..
557 361 572 422 r
595 361 687 422 rara
719 359 780 421 ιν..
805 358 819 420 5
843 361 865 410 1.
1139 344 1204 410 145

103 539 201 595 antea
223 531 332 595 rarius
359 532 490 615 scripsi,
511 530 604 617 qnod
627 552 695 595 non
719 529 879 596 habebam
903 529 1072 606 idoneum,
1095 531 1151 596 cui

103 634 223 711 darem,
239 657 301 699 nec
317 637 401 700 satis
416 635 571 711 sciebam,
588 656 656 720 quo
672 633 786 700 darem
797 671 841 682 -
853 658 861 698 :
874 633 972 699 valde
990 641 1023 700 te
1037 633 1150 700 vendi·
1160 653 1204 700 ma

103 741 182 803 tavi.
226 737 367 804 Cincius
381 741 411 804 si
428 738 512 825 quid
527 739 570 804 ad
593 761 646 804 me
669 739 720 803 tui
744 739 871 825 negotii
894 737 1066 816 detulerit,
1082 743 1203 806 sus-17

104 845 240 929 cipiam3
263 843 325 908 sed
334 866 426 910 nunc
437 841 542 930 magis
554 845 590 907 in
602 865 666 908 suo
681 851 733 908 est
748 850 941 928 occupatus,
955 843 989 906 in
1003 864 1071 928 quo
1087 865 1150 931 ego

104 949 135 1012 ei
151 970 214 1013 non
230 947 361 1012 desum.
408 949 473 1025 Tu,
489 949 519 1012 si
535 969 604 1012 uno
619 948 656 1011 in
671 948 745 1012 loco
761 969 796 1012 es
820 945 967 1023 futurus,
985 945 1115 1012 crebras
1131 969 1151 1012 a

104 1053 198 1117 nobis
222 1053 353 1118 litteras
379 1061 576 1139 exspectato
588 1076 597 1129 3
632 1052 747 1137 plures
778 1053 879 1118 etiam
911 1053 982 1137 ipse
1014 1051 1149 1116 mittito.

105 1157 216 1222 Velim
229 1156 272 1220 ad
288 1179 341 1223 me
357 1158 491 1234 scribas,
508 1156 697 1223 cuiusmodi
714 1156 759 1221 sit
775 1161 946 1232 Ἀμαλθεῑον
961 1159 1203 1248 tuum,qu018

106 1271 231 1338 ornatu,
247 1284 315 1347 qua
331 1268 492 1338 ιοηοθεσιᾳ,
505 1271 549 1339 et,
562 1283 650 1347 quae
661 1265 816 1347 poimata
829 1281 980 1353 quasque
993 1261 1150 1326 historias
1160 1279 1201 1324 211

107 1367 147 1432 de
161 1374 315 1445 Ἀμαλθείᾳ
340 1355 452 1443 habes,
468 1367 512 1432 ad
536 1389 589 1432 me
614 1367 750 1430 mittas:
775 1365 858 1430 libet
883 1365 962 1428 mihi
985 1364 1094 1430 facere
1114 1365 1149 1428 in

106 1471 270 1557 Arpinati.
316 1472 392 1559 Ego
416 1471 479 1537 tibi
499 1471 640 1558 aliquod
664 1471 707 1537 de
732 1472 814 1540 meis
839 1470 973 1558 scriptis
998 1469 1148 1558 mittam:

108 1577 188 1642 nihil
202 1585 273 1643 erat
287 1575 443 1643 absoluti.

597 1915 662 1982 IV.

506 2087 564 2146 (An
578 2087 648 2135 Am.
659 2101 678 2135 1.
691 2087 741 2147 18.)

426 2249 559 2298 CICERO
582 2250 716 2306 ATTICO
741 2249 821 2298 SAL.

149 2409 236 2472 Nihil
266 2410 350 2472 mihi
381 2430 471 2472 nunc
502 2409 588 2474 scito
619 2416 689 2473 tam
714 2409 828 2475 deesse
852 2429 954 2494 quam
977 2409 1183 2476 homineml

111 2535 187 2590 eum,
214 2535 361 2599 quocum
388 2514 510 2589 omnia,
541 2535 629 2598 quae
657 2536 709 2578 me
737 2535 816 2578 cura
843 2513 957 2598 aliqua
986 2513 1147 2592 afficiunt,

111 2619 353 2693 communicem,
371 2619 430 2702 qui
446 2639 498 2683 me
522 2625 621 2693 amet,
639 2619 698 2702 qui
722 2618 841 2702 sapiat,
858 2618 996 2703 quicum
1019 2639 1081 2704 ego
1104 2641 1146 2684 ex

111 2723 209 2785 animo
242 2723 373 2807 loquar,
406 2721 493 2784 nihil
526 2721 661 2807 fingam,
696 2721 783 2786 nihil
814 2721 1032 2799 dissimulem,
1063 2723 1147 2788 nihil

67 2901 72 2912 Ι
112 2825 271 2912 obtegam3
295 2825 391 2890 abest
406 2826 496 2890 enim
511 2824 617 2890 frater
628 2830 816 2900 ἀφελέστατος
832 2835 868 2890 et
882 2827 1147 2902 amantissimus;
1185 2843 1200 2888 5

112 2937 142 2992 tu
156 2939 276 3006 autem,
294 2930 355 3015 qui
370 2930 563 3013 saepissime
579 2951 694 2994 curam
718 2935 754 2992 et
775 2951 933 3016 angorem
957 2931 1058 2994 animi
1082 2931 1146 2995 mei

112 3054 246 3099 sermone
274 3042 311 3098 et
336 3034 477 3098 consilio
500 3034 620 3099 levasti
643 3041 713 3109 tuo,
731 3033 791 3117 qui
814 3035 895 3096 mihi
911 3042 947 3098 et
962 3035 996 3096 in
1012 3034 1147 3118 publica

112 3158 139 3200 re
162 3140 269 3203 socius
295 3145 332 3202 et
356 3137 394 3200 in
417 3138 558 3221 privatis
586 3136 741 3202 omnibus
766 3138 920 3202 conscius
945 3146 980 3202 et
998 3139 1147 3202 omnium

112 3262 245 3306 meorum
262 3263 455 3307 sermonum
473 3250 507 3307 et
522 3243 738 3307 consiliorum
763 3243 929 3327 particeps
954 3263 1025 3308 esse
1049 3244 1146 3319 soles,

112 3345 235 3410 ubinam
250 3347 311 3412 es?
334 3346 382 3411 ita
396 3367 472 3410 sum
497 3346 540 3411 ab
562 3346 717 3410 omnibus
741 3344 936 3422 destitutus,
954 3353 994 3410 ut
1016 3353 1149 3413 tantum
1173 3364 1201 3408 10

112 3452 257 3534 requietis
290 3449 440 3526 habeam,
474 3457 640 3535 quantum
671 3471 747 3514 cum
779 3471 883 3514 uxore
914 3458 949 3514 et
979 3450 1083 3516 filiola
1113 3460 1149 3516 et
1235 3491 1236 3495 =

113 3555 226 3619 mellito
258 3555 422 3620 Cicerone
454 3555 681 3619 consumitur:
722 3574 797 3617 narn
837 3554 914 3618 illae
953 3555 1146 3621 ambitiosae

114 3666 230 3724 nostrae
247 3658 453 3744 fucosaeque
469 3660 635 3724 amicitiae
652 3666 735 3721 sunt
750 3659 784 3720 in
802 3657 945 3742 quodam
968 3659 1145 3743 splendore

115 3759 233 3840 lorensi,
258 3764 410 3828 fructum
427 3763 648 3827 domesticum
671 3784 738 3826 non
761 3761 903 3836 habent3
927 3763 1052 3848 itaque,
1069 3787 1146 3829 cum

116 3856 184 3934 ben'e
215 3869 382 3953 completa
408 3865 527 3930 domus
554 3874 606 3931 est
628 3874 776 3953 tempore
801 3867 977 3943 matutino,
1002 3889 1079 3934 cum
1102 3867 1145 3932 ad
1168 3881 1196 3928 1⁶
