2800 4367
203 345 265 412 310
331 359 552 411 vulmaro
571 359 627 410 CN.
648 358 788 409 POMPEI
807 359 858 408 AD
876 358 1051 420 QUIRITES
1069 358 1217 410 ORATIO.

254 531 517 597 commemorabo
542 553 649 616 nuper
673 533 722 595 ita
738 531 832 596 vobis
849 531 1066 617 patribusque
1083 531 1204 597 vestris
1228 552 1327 596 esse

256 638 376 712 visum,
394 645 433 700 ut
454 637 490 698 in
512 657 580 699 uno
604 635 642 699 G.
660 635 769 700 Mario
793 657 869 720 spes
896 636 1024 720 imperii
1049 643 1243 720 poneretur,
1272 643 1326 700 ut

199 757 229 801 ao
251 740 339 804 idem
355 762 432 804 cum
449 739 626 826 Iugurtha,
643 739 732 803 idem
749 761 826 816 eum
843 739 996 816 cimbris,
1013 740 1101 804 idem
1118 762 1195 804 cum
1212 740 1323 804 Teu-

201 847 237 909 61
252 847 340 909 tonis
367 844 493 908 bellum
518 843 769 908 administraret
778 868 786 918 ;
819 845 854 907 in
879 845 952 928 ipso
976 844 1038 908 On.
1064 844 1236 929 Pompeio,
1271 846 1317 908 in

255 971 321 1034 quo
336 949 415 1014 novi
439 949 599 1012 constitui
622 947 707 1010 nihil
731 948 808 1012 vult
831 947 871 1026 Q.
897 947 1049 1025 Catulus
1074 970 1175 1033 quam
1194 949 1321 1012 multa

254 1055 324 1117 sint
339 1074 424 1117 nova
439 1074 569 1117 summa
593 1051 633 1131 Q.
660 1052 774 1116 Catuli
791 1053 964 1117 voluntate
982 1054 1176 1128 constituta,
1194 1075 1318 1118 recor-

254 1157 389 1222 damini.

297 1279 375 1324 xxr.
410 1260 503 1340 Quid
519 1269 587 1325 tam
604 1283 730 1325 novum
760 1283 861 1346 quam
877 1261 1168 1326 adulescentulum
1192 1263 1315 1346 priva-

252 1373 325 1430 tum
341 1367 525 1430 exercitum
542 1364 671 1430 difficili
688 1366 736 1430 rei
760 1365 912 1449 publicae
939 1373 1086 1450 tempore
1110 1366 1281 1450 conficere
1296 1366 1313 1428 ?

253 1470 418 1535 Confccit.
483 1469 573 1534 Huic
605 1469 780 1553 praeesse?
826 1469 989 1534 Praeluit.
1052 1470 1136 1534 Rem
1172 1471 1310 1554 optime

250 1575 359 1638 ductu
374 1596 437 1638 suo
459 1573 601 1660 gerere?
646 1573 770 1638 Gessit.
818 1573 909 1652 Quid
933 1582 1000 1638 tam
1016 1581 1146 1659 praeter
1162 1596 1311 1639 consue·

211 1679 401 1743 etudinem
435 1700 536 1762 quam
569 1677 697 1742 homini
734 1677 1014 1762 peradulescenti,
1043 1679 1138 1742 cuius
1162 1686 1259 1743 aetas
1286 1668 1309 1742 a

251 1785 419 1848 senatorio
441 1782 548 1869 gradu
582 1784 682 1868 longe
706 1781 846 1858 abesset,
870 1784 1046 1867 imperium
1069 1791 1171 1868 atque
1206 1805 1308 1849 exer-

253 1889 356 1951 citum
374 1887 455 1963 dari,
472 1886 619 1951 Siciliam
637 1888 787 1970 permitti
804 1895 906 1970 atque
925 1887 1076 1952 Africam
1100 1887 1304 1972 bellumque

249 1993 283 2054 in
295 2013 332 2056 ea
345 1993 515 2075 provincia
530 1990 854 2055 administrandum?
899 1991 980 2054 Fuit
996 1992 1029 2053 in
1046 1991 1098 2055 his
1114 1993 1302 2076 provinciis

251 2097 414 2181 singulari
431 2096 631 2170 innocentia,
647 2096 823 2179 gravitate,
838 2096 973 2171 virtute,
985 2094 1109 2160 bellum
1127 2097 1162 2158 in
1178 2095 1303 2161 Africa

198 2217 226 2261 10
249 2201 431 2262 maximum
471 2197 627 2274 confecit,
667 2200 828 2264 victorem
867 2200 1055 2264 exereitum
1093 2199 1298 2284 deportavit.

253 2303 345 2381 Quid
370 2325 450 2366 vero
477 2311 546 2364 tarn
577 2301 769 2365 inauditum
794 2324 895 2386 quam
927 2305 1073 2388 equitem
1105 2304 1299 2368 Romanum

253 2406 478 2490 triumphare?
523 2406 572 2468 At
593 2427 665 2470 eam
690 2428 825 2491 quoque
858 2430 926 2472 rem
954 2409 1099 2493 populus
1125 2409 1297 2474 Romanus

251 2533 319 2574 non
336 2509 434 2573 modo
451 2509 547 2585 vidit,
564 2509 624 2574 sed
639 2512 788 2584 omnium
807 2512 908 2575 etiarn
934 2512 1047 2576 studio
1064 2513 1237 2578 visendam
1263 2521 1298 2578 et

196 2618 237 2679 62
249 2613 543 2678 concelebrandam
560 2616 705 2697 putavit.
753 2614 845 2693 Quid
872 2625 941 2679 tam
968 2617 1176 2692 Inusitatum,
1194 2639 1295 2702 quam

197 2732 226 2777 15
248 2726 297 2793 ut,
314 2739 390 2782 cum
419 2717 486 2781 duo
511 2719 665 2782 consules
697 2719 873 2782 clarissimi
903 2719 1148 2805 fortissimique
1172 2729 1294 2794 essent,
1375 2791 1376 2794 Ἴ

251 2843 353 2906 eques
365 2822 535 2885 Romanus
545 2821 587 2885 ad
602 2822 730 2885 bellum
740 2823 922 2886 maximum
938 2822 1295 2888 formidolosissimum·
1375 2839 1376 2898 ᾗ

202 2991 205 2994 ,
252 2948 318 3011 que
334 2948 393 3010 pro
409 2927 546 2990 consule
564 2927 780 2991 mitteretur?
825 2927 952 2992 Missus
963 2937 1024 2992 est.
1072 2928 1139 3007 Qui
1157 2927 1292 3013 quidem
1375 2995 1376 3004 χ

252 3038 401 3115 tempore
429 3051 507 3094 curn
533 3037 622 3094 esset
649 3053 716 3095 non
744 3052 842 3095 nemo
869 3032 904 3094 in
931 3039 1060 3107 senatu,
1087 3033 1146 3117 qui
1169 3032 1293 3098 diceret
1375 3048 1376 3057 ¹

253 3144 351 3199 ‘non
375 3142 567 3219 oportere
592 3135 707 3198 mitti
740 3134 947 3199 hominem
978 3136 1189 3221 privatum
1223 3157 1292 3220 pro
1374 3207 1375 3211 η

196 3255 227 3299 20
248 3237 449 3316 consule,’
463 3238 501 3301 L.
515 3239 694 3323 Philippus
708 3238 832 3303 dixisse
845 3237 970 3303 dieitur
987 3249 1084 3303 ‘non
1107 3261 1149 3304 se
1172 3241 1289 3304 illum

249 3341 1289 3429 suasententiaproeonsule,sedprooonsulibus
1374 3397 1375 3400 ,

250 3445 450 3511 mittere!
497 3447 607 3510 Tanta
633 3447 668 3508 in
695 3469 735 3510 eo
759 3447 806 3512 rei
833 3446 985 3530 publicae
1016 3447 1099 3512 bene
1129 3448 1288 3534 gerendae

240 3573 328 3635 spes
345 3551 622 3626 constituebatur,
639 3558 679 3614 ut
695 3551 838 3614 duorum
856 3551 1031 3615 consulum
1055 3574 1176 3617 munus
1194 3554 1287 3616 unius

252 3655 476 3720 adulescentis
502 3655 622 3718 virtuti
648 3655 924 3718 committeretur.
971 3654 1064 3733 Quid
1090 3663 1158 3720 tam
1184 3658 1288 3742 singu·

196 3778 226 3823 25
247 3760 326 3837 lare,
343 3780 445 3844 quam
462 3766 501 3823 ut
516 3779 557 3822 ex
573 3757 710 3824 senatus
740 3760 896 3824 consulto
912 3759 1042 3846 legibus
1067 3761 1198 3824 solutus
1220 3780 1287 3824 con·

250 3864 306 3929 sul
335 3870 413 3928 ante
443 3862 547 3941 fieret,
578 3884 679 3947 quam
711 3864 818 3927 ullum
849 3865 953 3927 alium
979 3864 1211 3950 magistratum
1235 3882 1287 3950 per
