2800 4367
492 324 573 375 oar.
597 325 685 387 aoso,
710 326 725 387 s
747 325 834 377 caer.
891 386 893 392 ¹
1197 314 1240 379 59

133 504 229 561 aetas
252 498 429 583 mitigabit.
477 497 611 561 Etenim
630 498 687 561 isti
712 498 774 580 ipsi
798 497 879 560 mihi
903 497 1061 562 videntur
1084 501 1187 563 vestri

133 610 367 687 praeceptores
392 610 426 666 et
442 603 578 666 virtutis
598 602 749 687 magistri
773 602 855 666 fines
878 601 1062 666 officiorum
1086 585 1187 687 paulo

133 707 282 793 longius,
299 728 400 790 quam
418 714 537 769 natura
557 707 670 783 vellet,
688 707 876 791 protulisse,
894 714 943 782 ut,
960 730 1037 771 oum
1053 707 1096 771 ad
1112 708 1188 771 ulti-

133 833 229 873 mum
252 812 362 873 animo
386 810 684 886 contendissem,
710 810 756 874 ibi
779 818 903 887 tamen,
927 810 985 875 ubi
1009 820 1186 895 oporteret,

132 916 402 979 consisteremus.
459 914 569 978 ‘Nihil
598 915 787 1001 ignoveris?
840 916 946 979 Immo
963 915 1102 999 aliquid,
1119 938 1187 979 non
1209 933 1239 977 20

133 1021 256 1081 omnia.
319 1019 436 1082 ‘Nihil
467 1020 592 1105 gratiae
623 1019 846 1083 concesseris?
905 1020 1011 1083 Immo
1041 1022 1187 1084 resistito

132 1124 271 1209 gratiae,
283 1146 359 1187 cum
373 1122 519 1187 officium
535 1130 570 1187 et
592 1114 674 1187 fides
699 1123 893 1207 postulabit.
941 1106 1188 1188 ‘Misericordia

133 1234 321 1291 commotus
344 1226 476 1292 nasis)
524 1227 646 1303 Etiam,
671 1228 706 1290 in
732 1226 946 1292 dissolvenda
970 1229 1186 1304 serveritate3

132 1332 196 1395 sed
215 1339 326 1395 tamen
350 1339 403 1395 est
424 1333 497 1395 laus
522 1332 636 1415 aliqua
659 1331 888 1395 humanitatis.
936 1332 997 1394 ‘In
1020 1334 1187 1395 sententia

132 1436 348 1520 permaneto?
411 1436 511 1513 Vero,
543 1437 607 1499 nisi
639 1435 843 1499 sententiam
876 1436 1045 1499 sententia
1075 1436 1187 1519 aliqua
1199 1440 1238 1501 66

133 1541 255 1604 vicerit
281 1541 409 1604 melior.
457 1540 608 1603 Huiusce
637 1538 726 1603 modi
758 1538 869 1623 Scipio
901 1540 958 1603 ille
985 1539 1061 1614 fuit,
1086 1561 1186 1623 quem
1209 1556 1238 1599 20

133 1666 202 1707 non
219 1644 411 1735 paenitebat
433 1644 542 1707 iacere
567 1643 666 1717 idem,
685 1643 777 1727 quod
796 1652 844 1718 tu,
862 1642 981 1707 habere
1005 1643 1187 1706 eruditissi-

133 1765 227 1806 mum
243 1745 412 1807 hominem
429 1744 628 1808 Panaetium
646 1742 752 1818 domi3
770 1744 865 1807 cuius
883 1744 1031 1807 oratione
1048 1751 1083 1807 et
1098 1766 1188 1827 prae-

133 1849 252 1932 ceptis,
270 1870 474 1932 quamquam
498 1855 593 1911 erant
617 1846 733 1911 eadem
757 1848 830 1922 ista,
848 1868 935 1930 quae
959 1854 991 1911 te
1008 1846 1185 1925 delectant,

132 1960 248 2016 tamen
264 1952 411 2036 asperior
426 1973 493 2015 non
511 1958 564 2015 est
587 1950 707 2027 faotuS,
724 1950 794 2027 sed,
818 1958 857 2014 ut
877 1952 990 2035 accepi
1006 1972 1025 2013 a
1040 1951 1186 2027 senibus,
1209 1968 1239 2012 30

131 2057 334 2121 lenissimus.
382 2056 467 2135 Quis
484 2078 563 2120 vero
580 2055 618 2119 C.
633 2055 748 2120 Laelio
765 2056 898 2131 comior,
916 2056 993 2139 quis
1010 2056 1187 2121 iucundior

136 2160 255 2225 eodem
285 2182 327 2225 ex
358 2160 472 2224 studio
503 2162 578 2236 isto,
603 2161 680 2245 quis
712 2160 771 2223 illo
802 2161 945 2246 gravior,
978 2161 1185 2245 sapientior?

134 2264 276 2329 Possum
293 2265 334 2329 de
352 2264 389 2327 L.
408 2247 516 2341 Philo,
534 2264 575 2329 de
602 2264 640 2328 C.
659 2264 744 2329 Galo
761 2263 870 2329 dicere
888 2264 968 2329 haee
985 2265 1111 2340 eadem,
1128 2265 1186 2329 sed

133 2378 168 2433 te
193 2369 328 2432 domum
361 2370 426 2433 iam
452 2368 615 2433 deducam
639 2376 743 2432 tuam.
792 2369 1049 2453 Quemquamne
1076 2370 1187 2433 existi·

134 2495 204 2537 mas
230 2473 367 2549 Catone,
393 2495 516 2558 proavo
541 2480 600 2537 tuo
624 2471 892 2548 commodiorem,
916 2474 1185 2549 communiorem,
1210 2488 1238 2532 35

134 2579 390 2644 moderat-iorem
406 2580 510 2644 fuisse
536 2580 578 2643 ad
601 2601 734 2643 omnem
758 2580 920 2642 rationem
944 2579 1187 2643 humanitatis?

135 2684 186 2748 De
212 2686 308 2747 cuius
333 2686 516 2769 praestanti
542 2685 668 2748 virtute
694 2705 772 2748 cum
798 2705 875 2748 vere
900 2684 1116 2769 graviterque
1141 2682 1188 2746 di-

134 2808 236 2863 cereS,
253 2786 475 2852 domesticum
491 2795 524 2851 te
549 2787 669 2851 habere
694 2786 812 2850 dixisti
837 2787 1029 2871 exemplum
1052 2786 1094 2850 ad
1118 2788 1187 2849 imi-

134 2891 283 2956 tandum.
334 2892 396 2957 Est
413 2892 498 2955 illud
515 2892 652 2976 quidem
675 2891 869 2975 exemplum
893 2891 954 2955 tibi
978 2892 1185 2975 propositum

134 2996 235 3072 domi,
252 2997 311 3060 sed
334 3000 446 3061 tamen
464 3004 602 3059 naturae
620 2994 807 3059 similitudo
832 2996 923 3059 illius
947 2994 989 3058 ad
1013 3005 1046 3059 te
1070 2997 1185 3081 magis,
1209 3011 1239 3054 40

135 3102 194 3185 qui
225 3100 266 3165 ab
297 3101 474 3165 illo'ortus
507 3123 551 3176 es,
577 3122 679 3185 quam
709 3099 752 3163 ad
784 3122 888 3163 unum
915 3121 1083 3184 quemque
1114 3122 1188 3164 nos-

135 3213 225 3269 trum
257 3207 430 3289 pervenire
457 3207 579 3289 potuit,
604 3205 646 3269 ad
678 3204 985 3269 imitandum‘vero
1012 3213 1079 3268 tam
1106 3205 1186 3267 mihi

135 3312 343 3394 propositum
359 3312 530 3395 exemplar
552 3309 639 3373 illud
656 3317 708 3373 est
731 3315 833 3393 qnam
850 3308 920 3373 tibi.
967 3308 1033 3373 Sed
1049 3310 1076 3372 si
1096 3309 1187 3372 illius

136 3416 326 3478 comitatem
360 3422 395 3479 et
417 3414 615 3479 facilitatem
646 3422 726 3478 tuae
758 3414 916 3500 gravitati
946 3414 1185 3497 severitatique

136 3520 322 3603 asperseris,
349 3540 417 3583 non
439 3520 504 3583 ista
528 3519 666 3604 quidem
690 3526 790 3582 erunt
814 3518 958 3592 meliora,
984 3539 1071 3600 qnae
1097 3539 1187 3581 nunc
1209 3534 1238 3577 45

136 3631 218 3687 sunt
232 3624 367 3707 optima,
384 3622 442 3687 sed
458 3630 549 3687 certe
567 3622 703 3686 condita
718 3622 910 3685 iucundius.

180 3744 301 3789 xxxrr.
334 3726 457 3805 Quare,
475 3734 514 3790 ut
529 3726 572 3789 ad
593 3726 638 3803 id,
655 3726 748 3810 quod
765 3727 910 3801 institui,
930 3734 1086 3801 revertar,
1104 3726 1186 3789 tolle
1200 3728 1237 3790 67

137 3830 217 3892 mihi
234 3852 252 3893 e
269 3852 369 3894 causa
385 3852 506 3895 nomen
523 3830 673 3907 Catonis,
690 3852 822 3894 remove
838 3832 1082 3906 auctoritatem,
1099 3852 1186 3914 quae
