2800 4367
496 337 577 388 car.
601 339 675 399 an,
699 339 715 402 e
737 337 825 390 21-27.
956 356 965 363 ·
1156 321 1221 388 325

123 511 185 596 qui
215 532 291 576 cum
319 510 447 576 virtute
478 508 649 573 fortunam
680 497 904 593 adaequavit,
921 529 1032 573 nonne
1065 507 1172 573 Theo-

122 615 268 704 phanem
300 614 556 700 Mytilenaeum,
588 614 786 698 scriptorem
816 635 929 678 rerum
960 634 1106 690 suarum,
1136 614 1171 676 in
1195 629 1224 673 25

122 720 280 784 contione
304 718 451 785 militum
476 718 615 789 civitate
641 717 791 793 donavit,
809 724 844 782 et
867 718 974 782 nostri
992 717 1041 782 illi
1065 715 1170 782 fortes

122 825 200 902 viri,
223 823 283 891 sed
307 824 425 891 rustici
449 843 487 886 ac
512 822 635 888 milites
669 820 849 900 dulcedine
874 821 1020 906 quadam
1042 821 1169 906 gloriae

122 929 282 991 commoti
305 927 402 1011 quasi
418 927 601 1010 participes
626 924 778 990 eiusdem
802 924 910 988 landis
936 946 1058 1010 magno
1080 925 1168 991 illud

121 1032 266 1100 elamore
298 1029 594 1115 approbaverunt?
638 1030 772 1113 Itaque,
806 1028 913 1104 crede,
937 1030 967 1093 si
990 1029 1073 1094 civis
1106 1029 1169 1093 Ro·
1185 1034 1223 1096 2⁵

121 1157 243 1201 manus
266 1135 410 1200 Archias
442 1134 574 1221 legibus
605 1156 673 1199 non
708 1141 805 1211 esset,
831 1141 869 1198 ut
892 1132 934 1197 ab
967 1134 1082 1216 aliquo
1115 1134 1173 1196 im·
1195 1151 1224 1195 ec

120 1248 276 1324 peratore
292 1241 429 1307 civitate
446 1239 637 1315 donaretur,
649 1239 806 1323 perficere
825 1260 892 1302 non
908 1238 1029 1322 potuit.
1076 1235 1171 1301 Sulla

120 1367 201 1410 cnm
218 1345 388 1430 Hispanos
406 1352 440 1409 et
456 1344 573 1410 Gallos
596 1344 744 1420 donaret,
762 1342 870 1418 crede,
888 1342 978 1408 hunc
1000 1349 1171 1426 petentem

120 1447 353 1532 repudiasset;
389 1469 491 1532 quem
513 1470 573 1512 nos
609 1449 644 1512 in
668 1448 823 1513 contione
848 1446 1006 1522 vidimus
1031 1468 1108 1510 curn
1140 1447 1170 1510 ei

120 1551 276 1616 libellum
300 1553 408 1616 malus
424 1556 523 1636 polita
547 1551 588 1616 de
605 1552 731 1637 populo
756 1551 964 1628 subiecisset,
988 1549 1080 1634 quod
1103 1551 1169 1634 epi-

120 1677 271 1740 gramma
286 1657 321 1718 in
337 1677 414 1720 eum
429 1654 569 1720 fecisset
597 1663 731 1722 tantum
748 1653 845 1718 modo
862 1655 1000 1719 alternis
1018 1654 1170 1719 versibus
1195 1670 1224 1715 35

120 1760 353 1845 longiusculis,
377 1761 493 1824 statim
515 1782 558 1824 ex
590 1761 630 1823 iis
653 1760 763 1836 rebus,
789 1781 872 1843 quas
897 1767 969 1822 tum
993 1757 1170 1834 vendebat,

121 1863 236 1928 iubere
259 1865 290 1927 ei
313 1865 499 1948 praemium
522 1864 636 1940 tribui,
652 1863 714 1928 sed
737 1885 776 1929 ea
799 1862 1004 1939 condicione,
1022 1884 1063 1926 ne
1087 1862 1171 1946 quid

121 1974 239 2050 postea
260 1968 431 2032 scriberet.
487 1967 556 2047 Qui
578 1967 795 2032 sedulitatem
819 1967 898 2030 mali
922 1971 1042 2050 poetae
1068 1966 1171 2030 duxe-

121 2071 169 2134 rit
194 2072 308 2156 aliquo
335 2079 448 2136 tamen
474 2073 621 2156 praemio
646 2071 794 2157 dignam,
811 2071 911 2135 huius
938 2071 1112 2155 ingenium
1136 2079 1170 2134 ct

122 2175 284 2240 virtutem
323 2178 359 2239 in
395 2175 572 2240 scribendo
611 2184 646 2240 et
682 2177 812 2260 copiam
852 2197 919 2239 non
961 2175 1169 2258 expetisset?
1193 2191 1222 2235 40

123 2278 240 2356 Quid?
261 2302 282 2344 a
298 2278 340 2359 Q.
354 2280 494 2344 Metello
511 2279 583 2357 Pio,
597 2279 857 2344 familiarissime
870 2300 942 2354 suc,
956 2279 1016 2363 qui
1033 2279 1169 2342 civitate
1183 2282 1222 2344 26

122 2384 247 2447 multos
271 2383 419 2460 donavit,
436 2405 546 2469 neque
569 2406 686 2468 perse
710 2406 819 2468 neque
842 2406 903 2468 per
925 2382 1085 2446 Lucullos
1109 2383 1168 2446 im·

122 2488 349 2570 petravisset?
384 2489 444 2573 qui
475 2489 671 2572 praesertim
699 2509 806 2572 nsque
835 2510 874 2554 eo
900 2487 940 2552 de
964 2488 1035 2552 suis
1067 2487 1166 2554 rebus

122 2593 221 2657 scribi
245 2600 393 2677 cuperet,
410 2599 450 2656 ut
472 2594 574 2658 etiam
598 2592 773 2658 Cordubae
798 2595 886 2658 natis
910 2594 1018 2678 politis
1042 2594 1168 2678 pingue

124 2697 284 2782 quiddam
317 2697 514 2762 sonantibus
546 2705 650 2782 atque
682 2700 894 2784 peregrinum
927 2706 1038 2762 tamen
1073 2719 1170 2762 aures
1192 2711 1221 2756 45

122 2823 200 2866 suas
218 2801 364 2866 dederet.
410 2819 462 2866 xr.
485 2801 605 2886 Neque
622 2803 711 2866 enim
727 2809 779 2866 est
794 2803 855 2866 hoc
873 2800 1165 2876 dissimulandum,

123 2906 215 2992 quod
231 2905 399 2970 obscurari
426 2927 493 2969 non
521 2913 642 2989 potest,
657 2905 718 2970 sed
745 2928 822 2990 prae
847 2906 942 2972 nobis
969 2905 1167 2970 ferendum:

80 3001 84 3007 ’
123 3009 303 3074 Trahimur
336 3031 449 3073 omnes
484 3008 597 3074 studio
631 3009 753 3085 laudis,
778 3017 813 3075 et
844 3012 991 3094 optimus
1027 3010 1170 3094 quisque

122 3115 266 3177 maxime
289 3113 397 3197 gloria
420 3111 566 3176 ducitur.
612 3113 683 3197 Ipsi
709 3115 759 3179 illi
783 3114 975 3198 philesophi
1009 3115 1109 3178 etiam
1133 3114 1168 3176 in

123 3219 163 3282 iis
190 3217 344 3294 libellis,
383 3237 468 3301 quos
505 3217 546 3281 de
585 3217 829 3282 contemnenda
866 3218 973 3305 gloria
1009 3217 1214 3292 scribuntt

122 3343 244 3385 nomen
267 3342 367 3384 suum
388 3321 596 3398 inscribunt3
620 3323 656 3386 in
683 3344 722 3387 eo
747 3324 829 3407 ipse,
847 3323 881 3386 in
910 3343 977 3406 quo
1005 3321 1181 3406 praedica·¹

123 3426 250 3490 tionem
270 3425 548 3510 nobilitatemque
573 3425 774 3511 despiciunt,
792 3425 976 3510 praedicari
999 3425 1039 3490 de
1068 3447 1102 3490 se
1130 3446 1168 3488 ac

124 3530 288 3593 nominari
305 3528 435 3593 volunt.
481 3529 640 3594 Decimus
657 3529 794 3614 quidem
810 3530 949 3605 Brutus
960 3551 1110 3594 summus
1121 3529 1221 3594 vir27

123 3641 159 3698 et
174 3635 361 3717 imperator,
372 3633 466 3708 Aeci,
479 3634 669 3698 amicissimi
682 3635 746 3710 sui,
756 3634 957 3698 carminibus
970 3635 1168 3716 templorum

123 3759 161 3802 ac
178 3738 457 3801 monimentorum
475 3737 586 3801 aditus
604 3739 781 3804 exornavit
808 3759 957 3802 sucrum.
1004 3738 1074 3800 Iam
1092 3757 1171 3800 vero
1194 3751 1223 3796 10

124 3841 191 3918 ille,
219 3842 279 3926 qui
305 3862 383 3905 cum
413 3841 546 3906 Aetolis
573 3841 684 3904 Ennio
700 3841 821 3906 comite
846 3841 997 3917 bellavit,
1026 3839 1169 3906 Fulvius
