2800 4367
452 936 505 1011 M.
535 934 685 1010 TULLI
720 931 989 1011 CICERONIS

329 1150 444 1235 PRO
484 1150 531 1233 L.
570 1150 819 1234 MURENA
860 1146 1090 1232 ORATIO.
1152 1134 1160 1148 ⁹
1224 1222 1228 1227 .

576 1386 852 1399 ——

181 1553 196 1613 1
257 1566 281 1611 1.
306 1547 406 1628 Quod
436 1556 589 1633 precatus
617 1569 636 1611 a
663 1548 715 1612 dis
743 1545 986 1611 immortalibus
1012 1566 1098 1623 sum,
1124 1543 1277 1623 iudiceS,

216 1676 304 1717 more
336 1654 561 1736 institutoque
594 1653 755 1716 maiorum
792 1652 852 1715 illo
885 1650 950 1726 die,
989 1671 1056 1734 quo
1091 1652 1278 1736 auspicato
1393 1634 1395 1656 ¹

215 1758 358 1823 comitiis
383 1757 581 1821 centuriatis
599 1756 636 1818 L.
663 1756 841 1819 Murenam
865 1753 1037 1819 consulem
1061 1746 1274 1831 renuntiavi,
1393 1765 1394 1768 ’

216 1870 256 1927 ut
280 1884 319 1926 ea
341 1883 392 1925 res
417 1861 508 1936 milri,
529 1860 607 1924 fidei
632 1861 912 1946 magistratuique
939 1879 1024 1934 mee,
1050 1858 1176 1943 populo
1199 1858 1273 1943 ple

179 1966 316 2052 abique
356 1967 523 2029 Romanae
554 1964 637 2028 bene
673 1972 775 2049 atque
808 1963 954 2027 feliciter
982 1963 1142 2038 eveniret,
1175 1962 1273 2033 idem

217 2092 332 2156 precor
346 2069 388 2134 ab
411 2069 515 2134 isdem
541 2070 592 2133 dis
609 2069 853 2132 immortalibus
877 2068 920 2132 ob
946 2067 1096 2131 eiusdem
1120 2067 1271 2133 hominis

1393 2411 1395 2458 l

216 2176 426 2240 consulatum
446 2196 513 2238 una
534 2196 610 2237 cum
634 2174 742 2237 salute
766 2172 997 2248 obtinendum,
1014 2181 1049 2236 et
1072 2179 1113 2236 ut
1135 2180 1271 2238 vestrae

200 2286 345 2343 *mentes
375 2286 476 2363 atque
507 2279 693 2343 sententiae
724 2300 801 2342 curn
833 2278 948 2362 populi
981 2278 1121 2341 Romani
1149 2277 1270 2341 volun-

216 2383 343 2448 tatibus
374 2382 612 2468 suffregiisque
644 2383 986 2467 consentientesque
1012 2404 1064 2446 res
1092 2382 1186 2447 vobis
1209 2405 1268 2467 po-

166 2502 194 2548 10
216 2488 363 2571 puloque
395 2488 546 2551 Romano
574 2508 698 2571 paoem,
731 2488 1024 2571 tranquillitatem,
1056 2488 1162 2551 otium
1190 2508 1267 2551 oon*

217 2590 431 2674 cordiumque
448 2589 588 2655 adferat.
636 2589 766 2670 Quodsi
784 2592 842 2654 illa
858 2592 1028 2655 sollemnis
1053 2592 1264 2656 comitiorum
1296 2622 1299 2625 ⁴

217 2697 360 2775 precatio
398 2694 629 2759 consularibus
646 2696 803 2779 auspiciis
820 2704 1012 2759 consecrata
1024 2703 1152 2760 tantam
1165 2695 1265 2760 habet

217 2799 251 2862 in
267 2820 302 2862 se
319 2799 388 2863 vim
404 2805 439 2862 et
457 2798 664 2884 religionem,
682 2807 842 2883 quantam
867 2800 914 2863 rei
939 2800 1092 2884 publicae
1116 2800 1264 2887 dignitas

216 2902 376 2988 postulat,
393 2902 483 2967 idem
499 2924 562 2989 ego
587 2925 659 2967 suin
686 2911 852 2987 precatus,
879 2911 918 2967 ut
940 2905 988 2968 eis
1011 2925 1147 2988 quoque
1163 2904 1264 2968 homi·
1341 2950 1344 2954 -

166 3025 193 3069 15
217 3006 325 3081 nibus
351 3006 474 3090 quibus
499 3006 552 3070 hic
578 3009 773 3073 consulatus
799 3029 851 3071 me
879 3014 1019 3094 rogante
1045 3006 1144 3071 datus
1166 3015 1264 3083 esset,

179 3112 253 3175 2ea
286 3132 337 3174 res
368 3109 489 3186 fauste,
522 3110 668 3177 feciliter
697 3133 921 3197 prospereque
952 3111 1111 3176 eveniret.
1169 3112 1264 3190 Quae
1366 3125 1394 3158 *¹

217 3214 364 3305 eunruita
386 3214 465 3291 sint,
490 3214 629 3293 iudices,
654 3225 795 3280 etcum
827 3215 934 3279 omnis
966 3214 1105 3279 deorum
1136 3216 1266 3278 immor·

216 3318 336 3382 talium
374 3325 523 3402 potestas
562 3328 623 3385 aut
654 3320 816 3384 translata
846 3320 892 3382 sit
921 3318 964 3381 ad
994 3339 1054 3381 vos
1085 3326 1146 3380 aut
1175 3324 1264 3391 certe

217 3423 463 3486 communicata
499 3423 683 3498 vobiscum,
716 3421 804 3485 idem
837 3421 1011 3484 consulem
1034 3424 1163 3482 vestrae
1187 3417 1286 3497 fidei·

165 3544 195 3589 20
217 3525 437 3603 commendat,
455 3528 515 3612 qui
538 3536 637 3593 antea
659 3510 711 3589 dis
734 3523 979 3588 immortalibus
1007 3519 1263 3593 commendavit,

217 3639 258 3695 ut
280 3630 430 3695 eiusdem
458 3630 603 3695 hominis
629 3650 711 3694 voce
739 3635 774 3691 et
801 3625 989 3691 declaratus
1014 3624 1133 3689 consul
1156 3632 1191 3690 et
1213 3623 1266 3687 de-

217 3734 333 3800 fensus
364 3734 562 3799 beneficium
594 3731 711 3818 populi
744 3730 885 3795 Romani
916 3753 994 3796 cum
1025 3738 1138 3798 vestra
1164 3738 1266 3816 atque

219 3840 366 3901 omnium
386 3839 512 3902 civium
528 3838 637 3901 salute
655 3844 801 3900 tueatur.

746 3942 779 3990 28
