2800 4367
460 370 540 421 cnr.
566 369 652 430 ren,
677 371 691 432 1
713 369 802 420 asse.
1132 355 1195 418 259

101 545 242 608 maximo
263 563 376 606 rerum
401 562 563 606 novarum
590 547 684 604 metu
712 540 936 624 proponeret?
990 538 1143 604 Solutam

25 696 26 715 2
101 657 210 712 autem
239 645 310 710 fore
343 645 518 721 videbatis,
550 645 615 708 nisi
645 651 735 709 esset
764 645 792 708 is
824 643 952 720 consul,
982 645 1040 728 qui
1071 666 1144 709 eam

25 754 26 769 ¹
102 752 236 816 auderet
253 756 434 835 possetque
451 750 692 835 constringere.
741 747 1017 812 EumMilonem
1040 770 1144 813 unum
1168 765 1197 809 25

101 879 167 921 esse
198 877 275 920 cum
302 854 447 919 sentiret
477 854 655 917 universus
687 852 832 936 populus
861 852 1041 928 Romanus,
1066 854 1142 936 quis

101 960 268 1024 dubitaret
281 957 444 1044 suffragio
459 979 520 1022 suo
536 978 571 1022 se
590 965 691 1033 metu,
709 957 858 1040 periculo
882 978 951 1020 rem
975 956 1143 1040 publicam

25 1078 26 1151 g
100 1065 260 1129 liberare?
304 1064 355 1127 At
377 1084 479 1137 nunc,
497 1060 617 1127 Clodio
642 1067 778 1137 remote,
797 1061 932 1125 usitatis
957 1061 1023 1124 iam
1044 1061 1143 1126 rebus

100 1168 293 1238 enitendum
328 1175 381 1231 est
410 1167 540 1243 Miloni,
567 1173 607 1229 ut
636 1173 772 1229 tueatur
797 1163 998 1251 dignitatem
1027 1187 1142 1241 snam3

32 1278 37 1291 '
99 1274 277 1360 singularis
294 1272 352 1335 illa
368 1278 403 1336 et
417 1270 495 1358 huic
515 1271 572 1333 uui
597 1290 753 1334 concesso
776 1269 893 1355 gloria,
911 1290 997 1354 quae
1022 1270 1144 1334 cotidie
1168 1286 1197 1330 ao

25 1388 26 1431 ὲ
99 1377 283 1464 augebatur
309 1375 503 1462 frangendis
535 1373 705 1438 furoribus
738 1372 920 1450 Clodianis,
948 1374 1014 1436 iam
1045 1372 1144 1438 Clodi

99 1489 201 1546 morte
224 1480 357 1546 cecidit.
403 1479 475 1544 Vos
502 1479 616 1564 adepti
642 1478 733 1553 estis,
758 1499 799 1542 ne
824 1499 922 1562 quem
950 1479 1057 1542 civem
1082 1500 1146 1542 me-

25 1636 26 1671 3
99 1585 262 1659 tueretis3
294 1584 348 1648 hie
381 1584 655 1648 exercitationem
687 1583 835 1658 virtutis,
867 1567 1142 1668 suffragationem

25 1674 26 1685 ἵ
98 1688 302 1763 consulatus,
335 1685 463 1750 iontem
496 1707 676 1771 perennem
710 1686 835 1772 gloriae
870 1707 950 1750 suae
984 1685 1140 1770 perdidit.

25 1776 26 1811 ³
99 1793 217 1877 ltaque
243 1791 382 1855 Milonis
408 1791 612 1867 consulatus,
630 1791 689 1875 qui
707 1791 785 1855 vivo
814 1788 933 1853 Clodio
952 1789 1145 1854 labefactari
1168 1805 1197 1850 35

98 1919 162 1961 non
201 1903 343 1981 poterat,
375 1903 507 1960 mortuo
543 1895 689 1980 denique
723 1894 880 1978 temptari
911 1901 1050 1978 coeptus
1082 1903 1143 1959 est.

25 2040 26 2083 ³
97 2000 172 2064 Non
194 2000 294 2064 modo
316 2001 422 2086 igitur
436 2000 520 2063 nihil
548 1999 693 2084 prodest,
714 1999 773 2063 sed
796 1999 894 2063 obest
917 2000 1018 2062 etiam
1042 1997 1141 2062 Clodi

25 2092 26 2145 l
96 2127 183 2168 mors
215 2104 346 2168 Miloni.
406 2104 476 2168 ‘At
506 2104 616 2169 valuit
646 2103 770 2179 odium,
801 2102 884 2167 iecit
914 2104 1028 2180 ira-tue,
1060 2102 1142 2168 fecit
1157 2107 1195 2168 35

95 2209 262 2283 inimicus
294 2206 361 2271 fuit
398 2207 488 2270 ultor
532 2208 685 2284 iniuriae,
717 2208 870 2292 poenitor
908 2206 1030 2272 doloris
1069 2207 1142 2272 sui'

97 2312 214 2390 Quid?
232 2312 261 2375 si
280 2310 360 2376 haec
377 2333 445 2376 non
461 2310 536 2376 dico
553 2313 675 2376 maiora
692 2311 833 2376 fuerunt
848 2312 883 2374 in
901 2311 1020 2376 Clodio
1044 2333 1145 2396 qnam
1167 2321 1197 2373 40

95 2417 128 2478 in
145 2416 286 2491 Milone,
302 2414 363 2480 sed
379 2416 413 2478 in
430 2415 489 2478 illo
505 2417 659 2492 maxima,
676 2416 772 2479 nulla
791 2417 827 2478 in
850 2415 923 2493 hoc,
941 2417 1024 2502 quid
1040 2417 1142 2481 voltis

93 2518 267 2604 emplius?
312 2516 404 2597 Quid
429 2520 520 2584 enim
540 2519 667 2584 odisset
690 2519 849 2585 Clodium
874 2520 967 2597 Milo,
990 2528 1140 2608 segetem

93 2646 129 2688 ac
167 2623 341 2688 materiem
366 2644 446 2688 suae
477 2624 612 2709 gloriae,
637 2631 769 2709 praeter
798 2625 860 2690 hoc
888 2626 988 2690 civile
1020 2626 1144 2702 odium,

93 2751 161 2813 quo
192 2748 309 2792 omnes
339 2726 495 2811 inprobos
531 2727 687 2794 odimus?
748 2729 811 2794 Ille
843 2736 915 2794 erat
952 2737 991 2794 ut
1021 2729 1146 2795 odisset

93 2833 240 2916 primum
274 2829 484 2896 defensorem
515 2833 634 2898 salutis
665 2854 768 2910 meae,
800 2833 920 2898 deinde
953 2841 1144 2898 vexatorem
1166 2850 1196 2895 45

25 3020 26 3025 ἵ
91 2935 226 3011 luroris,
252 2935 452 3000 domitorem
477 2958 645 3001 armorum
671 2959 819 3014 suorum,
844 2944 1012 3020 postremo
1039 2939 1140 3002 etiarn

91 3046 322 3104 accusatorem
337 3060 457 3115 suum3
482 3062 558 3106 reus
574 3042 663 3106 enim
682 3042 821 3106 Milonis
838 3041 912 3128 lege
937 3041 1049 3105 Plotia
1072 3041 1140 3106 fuit

93 3141 246 3218 Clodius,
264 3142 376 3227 quoad
398 3144 494 3208 vixit.
541 3144 619 3224 Quo
643 3145 778 3211 tandem
802 3147 913 3209 animo
941 3145 1003 3210 hoc
1032 3153 1143 3232 tyran-

25 3268 26 3307 1
93 3266 177 3308 num
188 3246 288 3310 illum
303 3247 420 3312 tulisse
437 3248 597 3315 creditis?
621 3257 788 3335 quantum
810 3249 925 3313 odium
946 3250 1038 3314 illins
1054 3258 1089 3316 et
1104 3251 1139 3314 in

92 3348 229 3415 homine
246 3350 373 3414 iniusto
389 3373 490 3435 quam
506 3354 607 3417 etiam
624 3354 752 3418 iustum
768 3353 896 3419 fuisse?
1165 3371 1195 3417 50

25 3528 26 3531 Ἴ
135 3471 216 3518 xlv.
242 3453 425 3538 Reliquum
439 3462 501 3532 est,
513 3463 553 3520 ut
567 3457 633 3520 iam
649 3457 746 3520 illum
762 3465 881 3523 natura
892 3459 997 3543 ipsius
1009 3481 1145 3524 consue·
1155 3463 1194 3524 36

25 3574 26 3601 ³
92 3556 246 3642 tudoque
263 3556 431 3635 defendat,
449 3558 538 3623 hunc
562 3568 675 3626 antem
699 3561 780 3626 haec
806 3562 927 3627 eadem.
946 3571 1140 3649 coarguant.

25 3654 26 3661 '
93 3659 209 3724 ‘Nihil
225 3662 365 3746 pervim
388 3684 549 3748 umquam
572 3664 722 3742 Clodius,
740 3667 850 3730 onmia
873 3689 931 3750 per
947 3669 1015 3731 vim
1032 3666 1137 3732 Milo’

94 3763 212 3841 Quid?
235 3787 308 3852 ege,
325 3765 462 3843 indices,
480 3790 556 3831 oum
580 3769 805 3834 maerentibus
822 3769 915 3834 vobis
941 3770 1021 3835 urbe
1045 3773 1146 3848 cessi,
1217 3820 1241 3845 ,4

94 3867 302 3934 iudiciumne
332 3871 439 3947 timui,
471 3893 538 3935 non
568 3895 692 3950 servos,
724 3894 792 3937 non
819 3896 918 3951 arma,
950 3896 1017 3938 non
1048 3876 1143 3942 vim?
1178 3889 1192 3936 5
