2800 4367
161 350 202 416 26
401 364 543 416 ORATIO
567 362 606 415 m
629 363 843 416 carrunmu
865 362 1057 417 secunus.

212 537 245 601 di
257 538 320 623 ipsi
332 538 525 602 inmortales
538 546 661 625 cogant
672 536 715 603 ab
726 538 778 601 his
790 537 1068 625 praeclarissimis
1085 528 1293 600 virtutibus

160 656 191 702 ac
213 652 263 707 tot
279 651 314 707 et
330 650 423 707 tanta
439 642 523 707 vitia
537 642 713 727 superari?

160 750 200 813 26
256 764 322 811 ΧΗ.
361 745 457 826 Quae
487 768 564 811 cum
595 745 643 811 ita
671 746 752 821 sint,
783 745 945 825 Quirites,
976 767 1047 822 vos,
1085 763 1211 830 quem
1252 736 1297 800 ad

212 850 348 915 modum
362 852 426 913 iam
442 858 541 915 antea
557 848 639 923 dixi,
654 857 767 915 vestra
782 855 871 914 tecta
886 848 1012 935 vigiliis
1029 845 1295 927 custodiisque
1380 887 1381 906 1

212 954 403 1029 defendite;
428 954 521 1029 mihi,
538 961 578 1018 ut
593 952 667 1018 urbi
686 954 759 1019 siue
778 961 892 1024 vestro
914 961 1008 1017 motu
1032 975 1070 1019 ac
1096 952 1191 1017 sine
1219 946 1298 1011 ullo

212 1059 363 1125 tumultu
379 1060 460 1123 satis
473 1064 562 1123 esset
576 1056 744 1143 p1aesidii,
757 1058 951 1123 consultum
967 1066 1069 1143 atque
1086 1054 1296 1143 provisum

174 1178 188 1221 ⁵
211 1172 272 1230 est.
319 1162 439 1227 Coloni
456 1184 572 1227 omnes
592 1162 846 1247 municipesque
865 1163 968 1227 vestri
992 1163 1167 1227 certiores
1186 1180 1212 1222 a
1239 1176 1297 1219 me

211 1268 292 1332 facti
309 1267 427 1331 dehac
445 1274 609 1332 nocturna
623 1267 822 1332 excursione
847 1266 1014 1332 Catilinae
1037 1266 1145 1332 facile
1177 1261 1295 1327 urbes

211 1393 288 1437 suas
315 1371 465 1455 finesque
497 1369 703 1445 defendent3
742 1369 954 1457 gladiatores,
986 1392 1089 1456 quam
1114 1370 1197 1435 sibi
1226 1366 1294 1429 ille

212 1496 348 1540 manum
377 1475 594 1540 certissimam
627 1474 697 1540 iore
732 1476 875 1559 putavit,
906 1497 1111 1561 quamquam
1153 1473 1293 1539 animo

213 1580 346 1643 meliore
370 1588 450 1643 sunt
473 1601 576 1665 quam
599 1601 673 1665 pars
699 1580 925 1663 patriciorum,
952 1587 1118 1664 potestate
1148 1588 1289 1644 tamen
1369 1641 1371 1644 .

162 1696 190 1741 ιο
212 1692 325 1747 nostra
362 1683 634 1748 continebuntur.
682 1682 725 1762 Q.
757 1682 928 1759 Metellus,
962 1705 1063 1768 quem
1095 1704 1161 1770 ego
1211 1681 1289 1745 hoc

212 1788 416 1873 prospiciens
441 1788 476 1849 in
497 1808 616 1874 agrum
641 1785 811 1850 Gallicum
837 1786 1069 1872 Picenumque
1092 1786 1284 1873 praemisi,

211 1901 271 1958 aut
286 1894 452 1977 opprimet
467 1892 636 1956 hominem
662 1900 723 1957 aut
744 1894 817 1957 eius
841 1894 949 1958 omnis
972 1901 1084 1957 motus
1107 1901 1285 1958 conatus-

212 2019 277 2083 que
294 1995 491 2081 prohibebit.
540 1996 692 2081 Reliquis
711 2004 824 2061 autem
837 1996 989 2063 derebus
1002 1997 1277 2072 constituendis,

212 2102 430 2177 maturandis
447 2100 586 2189 agendis
605 2102 670 2165 iam
694 2100 738 2165 ad
759 2111 914 2167 senatum
939 2103 1131 2181 referemus,
1156 2123 1275 2190 quem

161 2219 190 2264 15
212 2204 322 2267 vocari
341 2202 472 2267 vidctis.

160 2310 199 2373 27
256 2306 355 2370 Nunc
372 2308 457 2383 illos,
481 2306 540 2391 qui
564 2306 598 2370 in
623 2306 704 2371 urbe
722 2317 964 2385 remanserunt,
982 2317 1085 2394 atque
1100 2308 1184 2375 adeo
1199 2310 1270 2394 qui
1386 2341 1388 2420 p

212 2419 327 2475 contra
355 2410 445 2474 urbis
472 2410 616 2475 salutem
642 2412 860 2495 omniumque
891 2421 1041 2478 vestrum
1070 2415 1102 2477 in
1129 2413 1210 2477 urbe
1242 2435 1268 2477 a

213 2514 359 2579 Catilina
389 2514 496 2579 relicti
527 2523 618 2591 sunt,
644 2536 849 2600 quamquam
875 2525 957 2580 sunt
984 2518 1107 2592 hostes
1136 2525 1262 2594 tamen,

213 2620 293 2703 quia
307 2626 388 2682 sunt
404 2620 504 2695 cives
521 2619 666 2683 monitos
683 2621 784 2684 etiam
802 2628 904 2706 atque
921 2622 1021 2686 etiam
1047 2623 1133 2687 volo.
1181 2622 1262 2686 Mea

160 2738 189 2782 ao
211 2722 331 2787 lenitas
347 2721 456 2786 adhuc
473 2723 571 2787 sicui
588 2724 730 2788 solutior
746 2725 818 2789 visa
833 2732 895 2800 est,
912 2725 973 2789 hoc
994 2729 1196 2811 expectavit,
1222 2735 1262 2790 ut

211 2826 256 2903 id,
273 2825 364 2911 quod
380 2827 517 2904 latebat,
544 2837 744 2913 crumperet.
791 2828 892 2908 Quod
916 2830 1086 2914 reliquum
1108 2840 1169 2907 est,
1193 2832 1260 2894 iam

212 2953 279 2995 non
309 2952 446 3015 possum
478 2932 631 2997 oblivisci
663 2955 769 2998 meam
800 2934 885 2998 hanc
917 2957 987 2999 esse
1019 2938 1170 3018 patriam,
1206 2958 1259 2999 me

211 3038 330 3101 horum
347 3058 418 3102 esse
435 3037 618 3114 consulem,
637 3038 719 3102 mihi
735 3047 795 3102 aut
816 3060 894 3103 cum
918 3039 970 3103 his
992 3039 1177 3103 vivendum
1200 3048 1260 3103 aut

213 3164 271 3225 pro
302 3143 354 3206 his
385 3164 456 3207 esse
488 3141 708 3206 moriendum.
756 3142 881 3206 Nullus
912 3151 966 3207 est
999 3143 1103 3227 portis
1134 3150 1258 3217 custos,

160 3256 189 3301 25
213 3246 327 3309 nullus
351 3246 527 3310 insidiator
550 3248 643 3321 viae;
675 3247 794 3329 siqui
825 3247 916 3309 exire
948 3246 1078 3320 volunt,
1103 3246 1257 3309 conivere

212 3370 346 3435 possum
355 3374 363 3424 3
395 3352 455 3434 qui
482 3371 560 3415 vero
586 3371 621 3413 sc
648 3350 683 3410 in
708 3348 789 3412 urbe
817 3349 1046 3421 commoverit,
1075 3349 1172 3410 cuius
1195 3368 1257 3429 ego

199 3462 278 3518 'non
309 3452 407 3517 modo
438 3454 575 3528 factum,
607 3450 671 3533 sed¹
699 3452 872 3534 inceptum
912 3452 1020 3514 ullum
1058 3457 1256 3511 conatumve

212 3566 327 3622 contra
351 3557 490 3643 patriam
516 3553 775 3639 deprehendere,
791 3555 916 3618 sentiet
938 3556 974 3616 in
997 3553 1058 3617 hac
1083 3550 1163 3615 urbe
1187 3571 1257 3614 csse

212 3663 365 3727 consules
397 3660 578 3747 vigilantis,
619 3678 690 3721 esse
732 3659 883 3745 egregios
922 3660 1148 3747 magistratus,
1187 3678 1256 3723 esse

161 3778 190 3822 ³0
212 3766 332 3830 fortem
356 3772 520 3840 senatum,
542 3782 613 3826 esse
638 3781 737 3837 arma,
765 3782 836 3827 esse
861 3783 1034 3843 carcerem,
1063 3784 1163 3848 quem
1190 3762 1258 3827 vin-

213 3871 320 3933 dicem
351 3868 554 3947 uefariorum
578 3888 615 3930 ac
647 3865 902 3931 manifestorum
932 3872 1095 3936 scelerum
1119 3870 1255 3932 maiores

213 3972 318 4035 nostri
335 3993 405 4035 esse
423 3972 615 4035 voluerunt.
