2800 4367
478 369 559 419 car.
586 370 673 432 1111,
695 368 709 427 l
733 369 821 422 16-11.
1152 356 1213 422 261

89 558 160 604 xv.
218 541 276 604 At
290 539 383 625 quod
397 546 469 606 erat
484 541 641 626 tempus?
680 541 893 618 Clarissimus
909 547 944 608 et
959 540 1160 608 fortissimus
1177 546 1216 608 39

20 720 21 735 ¹
90 646 231 710 consul
248 645 407 709 inimicus
421 643 550 723 Clodi0,
565 645 603 708 Ρ.
618 645 795 722 Lentulus,
809 645 899 712 ultor
914 647 1048 711 sceleris
1061 647 1162 723 illius,

93 757 344 836 propugnator
358 756 508 827 senatus,
526 747 683 814 defensor
698 757 829 815 vestrae
847 750 1044 828 voluntatis,
1057 759 1164 836 patro

94 876 168 918 nus
206 853 339 938 publici
365 874 559 930 consensus,
577 855 752 920 restitutor
773 855 892 919 salutis
918 876 1019 933 meae,
1036 865 1163 941 septem

96 967 297 1043 praetores,
329 965 405 1022 octo
438 957 563 1022 tribuni
588 958 696 1043 plebei
722 957 1165 1036 illius‚adversa1·ii,deien-
1201 976 1217 1021 c

20 1122 21 1151 ,
97 1085 204 1127 sores
237 1062 314 1139 mci,
339 1060 401 1125 Cn.
425 1062 605 1146 Pompeius
635 1070 753 1126 auctor
776 1068 811 1128 et
842 1061 912 1128 dux
936 1064 1000 1128 mei
1023 1065 1162 1142 reditus

20 1174 21 1221 1
100 1168 207 1230 illius
224 1167 342 1242 hostis,
359 1166 455 1230 cuius
471 1167 673 1232 sententiam
694 1172 832 1231 senatus
856 1168 963 1232 omnis
986 1167 1028 1233 (16
1050 1169 1160 1234 salute

18 1277 20 1300 '¹
103 1293 189 1335 mea
227 1271 458 1356 gravissimam
496 1278 531 1335 et
568 1270 812 1335 ornatissimam
849 1279 985 1338 secutus
1017 1280 1078 1350 cst,
1102 1275 1161 1358 qui

18 1402 19 1435 1
104 1376 281 1461 populum
311 1376 497 1439 Romanum
531 1383 583 1440 est
613 1375 816 1453 cohortatus,
841 1377 900 1461 qui
931 1397 1009 1441 cum
1038 1376 1079 1441 de
1111 1400 1162 1442 me

18 1554 19 1561 ἵ
105 1480 290 1545 decretum
322 1478 456 1563 Capuae
488 1478 578 1555 fecit,
603 1479 674 1564 ipse
703 1487 843 1546 cunctae
875 1479 992 1546 ltaliae
1016 1483 1166 1566 cupienti
1190 1500 1218 1546 10

18 1640 19 1651 ,
106 1593 146 1649 61
181 1584 256 1648 eius
286 1583 386 1648 fidem
410 1583 602 1667 imploranti
625 1583 762 1669 signum
785 1583 888 1662 dedit,
914 1591 953 1649 ut
974 1584 1018 1648 ad
1040 1607 1091 1649 me
1116 1608 1164 1650 re-

107 1686 328 1754 stituendum
346 1688 485 1751 Romam
508 1695 764 1764 concurrerent3
787 1689 937 1753 omnium
960 1688 1105 1773 denique
1129 1692 1164 1753 in

109 1793 215 1856 illum
245 1791 321 1855 odia
351 1792 477 1855 civium
507 1789 669 1856 ardebant
692 1792 857 1859 desiderio
882 1793 956 1870 mei,
981 1814 1081 1878 quem
1104 1795 1162 1878 qui

112 1907 190 1961 tum
213 1896 447 1972 interemisset,
464 1916 532 1959 non
549 1893 590 1958 de
607 1896 806 1981 impunitate
830 1898 911 1973 eius,
928 1896 988 1961 sed
1011 1896 1051 1962 de
1076 1919 1166 1982 prae·

112 2001 192 2065 111113
209 2001 424 2087 cogitaretur.
471 1999 600 2064 Tamen
622 2022 658 2066 se
682 2001 767 2066 Milo
790 2002 958 2065 continuit
978 2008 1012 2066 ct
1037 2002 1075 2064 P.
1093 2002 1167 2066 Clo·
1191 2019 1217 2063 15
1323 2019 1325 2026 ⁴

112 2107 213 2170 dium
228 2109 263 2170 in
279 2106 442 2170 iudicium
454 2106 515 2183 bis,
527 2105 570 2170 ad
584 2105 652 2171 vim
667 2127 851 2190 numquam
865 2106 1007 2170 vocavit.
1047 2103 1163 2184 Quid?
1178 2109 1219 2169 40

114 2213 251 2297 privato
268 2212 395 2276 Milone
412 2219 448 2276 61
463 2233 518 2276 166
534 2209 578 2274 ad
594 2210 759 2295 populum
774 2217 952 2274 accusante
977 2209 1015 2272 P.
1034 2209 1164 2285 Clodio,

114 2339 196 2381 cum
222 2317 258 2380 in
286 2315 348 2380 Cn.
373 2316 571 2401 Pompeium
594 2336 653 2399 pro
678 2314 804 2378 Milone
829 2313 995 2377 dicentem
1019 2313 1163 2396 impetus

116 2420 230 2486 factus
257 2428 319 2498 cst,
347 2424 437 2506 'quae
470 2428 544 2484 tum
581 2440 648 2483 non
681 2417 778 2482 modo
810 2418 948 2494 occasio,
975 2415 1035 2481 sed
1065 2418 1165 2480 etiam

116 2547 220 2591 causa
250 2526 343 2590 illius
373 2523 583 2610 opprimendi
614 2521 706 2588 tuit!
753 2521 870 2607 Nuper
901 2542 979 2587 vero
1010 2542 1087 2584 cum
1118 2520 1166 2584 M.
1191 2536 1220 2581 aa

117 2631 293 2695 Antonius
319 2651 481 2695 summam
512 2651 607 2714 spem
636 2628 755 2693 salutis
784 2626 878 2691 bonis
903 2625 1057 2690 omnibns
1081 2632 1169 2689 attu-

117 2735 216 2799 lisset
230 2735 528 2821 gravissimamque
541 2733 738 2797 adulescens
755 2731 981 2796 nobilissimus
998 2731 1045 2793 rei
1062 2729 1168 2814 publi-

118 2860 177 2903 cae
204 2846 332 2922 partem
358 2838 537 2902 fortissime
570 2837 773 2920 suscepisset
795 2842 896 2919 atque
920 2835 1012 2896 illam
1035 2833 1166 2896 beluam

17 3016 18 3023 ἵ
120 2941 237 3006 iudicii
253 2943 391 3027 laqueos
415 2941 640 3006 declinantem
664 2942 731 3003 iam
755 2940 926 3003 inretitam
950 2925 1088 3013 teneret,
1106 2939 1165 3021 qui

119 3047 224 3123 locus,
241 3046 332 3131 quod
355 3054 487 3134 tempus
512 3044 606 3121 illud,
623 3043 658 3108 di
683 3043 896 3118 immortales,
922 3040 1006 3106 fuit!
1032 3063 1109 3105 cum
1132 3063 1167 3106 se
1191 3058 1221 3102 25

120 3150 177 3215 ille
201 3149 337 3237 fugiens
362 3151 395 3213 in
418 3150 584 3213 scalarum
612 3147 764 3212 tenebras
789 3146 984 3223 abdidisset,
1007 3168 1168 3233 magnum

122 3253 244 3318 Miloni
275 3253 343 3317 fuit
364 3253 526 3318 conficere
556 3253 649 3316 illam
671 3259 801 3336 pestem
824 3251 920 3314 nulla
942 3272 1004 3316 sua
1026 3251 1164 3328 invidia,

123 3358 170 3422 M.
202 3380 282 3425 vcro
307 3358 437 3422 Antoni
464 3358 608 3422 maxima
637 3355 763 3443 gloria!
810 3355 926 3435 Quid?
958 3357 1101 3423 comitiis
1132 3358 1220 3420 11141

17 3484 18 3489 ’
122 3456 412 3548 campo'quotiens
427 3469 575 3546 potestas
592 3460 668 3537 fuit,
685 3483 762 3524 cum
779 3461 835 3524 ille
851 3461 887 3523 in
903 3468 1019 3545 saepta
1035 3462 1167 3536 ruisset,

123 3567 251 3652 gladios
267 3565 533 3651 destringendos,
548 3565 676 3649 lapides
693 3564 860 3630 iaciendos
877 3566 1073 3640 curavisset,
1091 3564 1169 3628 dein
1193 3578 1223 3622 ao

124 3671 234 3735 subito
264 3671 365 3736 vultu
396 3670 532 3734 Milonis
555 3670 751 3754 perterritus
775 3667 909 3755 fugeret
938 3668 981 3732 ad
1012 3669 1169 3743 Tiberim,

126 3795 183 3840 ros
198 3783 233 3840 et
248 3779 362 3839 omnes
387 3774 465 3839 boni
481 3781 561 3839 vota
587 3773 751 3850 faceretis,
769 3780 808 3836 ut
830 3771 951 3837 Miloni
975 3775 1027 3837 uti
1044 3774 1169 3839 virtute

125 3898 185 3941 sua
198 3878 334 3944 liberetl
