2800 4367
270 353 276 360 ·
368 331 425 382 ur.
449 331 541 392 xrrr,
564 331 658 393 §aa
681 331 757 392 xx,
782 332 796 394 s
820 332 873 382 1-4.
1134 317 1197 386 167

82 505 169 570 hoc
191 513 333 590 tempore
357 485 543 590 ‹puidqnam
574 502 743 569 difficilius
775 503 872 569 facio.
920 504 977 568 Ad
1008 511 1041 570 te
1066 527 1145 570 vero

86 611 202 690 etad
224 618 368 674 nostram
393 608 576 672 Tulliolam
597 630 665 672 non
688 630 777 694 queo
792 609 864 674 sine
886 609 1039 694 plurimis
1055 610 1149 675 lacri-
1183 627 1198 670 c

87 715 165 777 mis
194 713 353 787 scribere3
378 734 439 777 vos
469 714 558 777 enim
589 712 688 778 video
719 734 790 778 esse
822 713 1030 796 miserrimas,
1062 735 1145 798 quas

89 839 165 903 ego
180 817 384 882 beatissimas
396 839 529 901 semper
543 837 614 881 esse
630 816 724 882 volui
741 815 843 902 idque
860 825 1027 902 praestare
1044 817 1144 882 debui
1202 845 1205 852 ·

93 934 147 997 et,
163 921 225 986 nisi
248 929 317 985 tam
340 921 450 984 timidi
474 920 665 997 fuissemus,
689 921 939 1005 praestitissem.
987 921 1143 986 Pisonem
1167 925 1187 988 2

95 1033 251 1089 nostrum
275 1027 396 1089 merito
422 1025 493 1089 eius
524 1046 599 1088 amo
630 1025 832 1110 plurimum:
857 1047 944 1102 eum,
969 1033 1009 1090 ut
1039 1027 1144 1110 potui,

97 1151 161 1212 per
181 1130 309 1194 litteras
333 1129 526 1193 cohortatus
557 1149 633 1192 sum
662 1129 855 1215 gratiasque
882 1129 947 1216 egi,
971 1136 1011 1192 ut
1034 1127 1146 1193 debui.
1171 1143 1200 1190 10

97 1232 144 1295 In
165 1235 259 1297 novis
291 1231 435 1296 tribunis
460 1233 505 1317 pl.
522 1232 678 1318 intelligo
702 1253 795 1316 spem
822 1239 854 1297 te
872 1232 1006 1296 habere:
1033 1231 1067 1294 id
1083 1232 1148 1297 crit

99 1337 240 1412 firmum,
257 1338 286 1401 si
303 1337 456 1421 Pompeii
480 1339 637 1402 voluntas
661 1338 746 1411 erit3
770 1335 829 1402 sed
851 1335 1009 1400 Crassum
1034 1345 1146 1401 tamen

99 1450 220 1505 metuo.
266 1442 300 1504 A
324 1449 358 1505 te
382 1440 518 1525 quidem
541 1443 652 1505 omnia
676 1441 747 1504 fieri
771 1439 952 1506 fortissime
977 1448 1013 1505 et
1037 1461 1146 1506 aman·

100 1546 224 1610 tissime
241 1546 350 1622 video,
365 1567 425 1610 nec
443 1547 552 1622 miror,
569 1545 629 1611 sed
645 1566 775 1610 maereo
792 1567 905 1610 casnm
920 1545 1095 1622 eiusmodi,
1106 1551 1147 1610 ut

102 1651 204 1714 tantis
233 1651 302 1715 tuis
333 1650 474 1714 miseriis
502 1671 593 1714 meae
625 1651 774 1714 miseriae
806 1649 1045 1715 subleventur:
1069 1670 1148 1714 nam
1170 1665 1199 1711 15

103 1754 219 1820 adme
246 1755 285 1818 P.
314 1755 480 1831 Valerius,
497 1755 596 1819 homo
623 1754 800 1832 officiosus,
824 1754 1028 1840 scripsitlid
1053 1753 1147 1839 quod

104 1881 165 1944 ego
189 1860 333 1923 maximo
357 1881 435 1924 cum
464 1857 545 1924 fletu
573 1860 651 1945 legi,
669 1856 952 1942 quemadmodum
977 1880 996 1922 a
1021 1858 1145 1923 Vestae

105 1963 147 2026 ad
170 1964 319 2028 tabulam
350 1962 520 2028 Valeriam
551 1963 653 2028 ducta
684 1984 784 2028 esses.
840 1962 936 2039 Hem,
970 1985 1042 2027 mea
1073 1964 1144 2040 lux,

107 2088 209 2132 meum
242 2067 456 2143 desiderium,
496 2067 585 2132 unde
624 2089 739 2132 omnes
778 2089 874 2152 opem
912 2075 1025 2152 petere
1063 2065 1146 2132 sole}

107 2166 196 2236 bant!
222 2180 256 2237 te
287 2193 388 2257 nunc,
420 2193 493 2236 mea
524 2172 693 2247 Terentia,
724 2172 772 2236 sic
804 2173 931 2248 vexari,
962 2173 1009 2236 sic
1041 2171 1198 2236 iacerem

109 2276 139 2337 in
166 2277 309 2342 lacrimis
340 2282 375 2340 et
404 2275 567 2351 sordibus
599 2276 701 2361 idque
734 2276 804 2340 fieri
836 2297 909 2339 mea
944 2276 1053 2360 culpa,
1085 2277 1144 2361 qui

110 2387 223 2444 ceteros
253 2381 397 2456 servavi,
428 2387 469 2443 ut
498 2400 558 2444 nos
590 2378 794 2464 periremus!
845 2377 946 2457 Quod
976 2378 1017 2443 de
1049 2378 1188 2443 domo3

111 2485 224 2562 scribis
254 2486 318 2550 hoc
349 2492 401 2550 est
423 2484 464 2549 de
488 2506 574 2560 area,
598 2505 661 2570 ego
685 2505 764 2562 vero
795 2490 869 2547 tum
893 2482 1040 2567 denique
1063 2482 1144 2546 mihi

112 2588 234 2675 videbor
257 2590 447 2664 restitutus
471 2590 499 2652 si
523 2589 581 2651 illa
603 2587 699 2651 nobis
731 2588 795 2651 erit
825 2588 1002 2662 restituta3
1028 2607 1143 2652 verum

112 2691 180 2758 haec
216 2714 283 2757 non
319 2700 402 2756 sunt
439 2694 472 2755 in
514 2700 628 2756 nostra
658 2712 778 2755 manu:
803 2690 889 2754 illud
920 2691 1026 2767 doleo,
1059 2713 1144 2777 quae
1167 2707 1196 2752 as

112 2796 246 2882 impensa
277 2796 430 2861 facienda
467 2803 528 2873 est,
560 2796 595 2858 in
626 2796 698 2860 eius
726 2802 854 2880 partem
878 2802 910 2859 te
935 2796 1087 2859 miseram
1109 2803 1144 2860 et

113 2899 317 2986 despoliatam
354 2902 479 2966 venire.
541 2899 642 2979 Quod
679 2900 708 2963 si
746 2899 922 2963 conficitur
959 2900 1141 2985 negotium,

114 3007 208 3069 omnia
231 3026 496 3089 consequemur3
524 3005 577 3068 sin
600 3002 716 3068 eadem
748 3025 808 3067 nos
841 3001 977 3067 fortuna
1004 3011 1141 3088 premet,
1172 3017 1179 3030 s

115 3110 238 3174 etiamne
263 3110 421 3193 reliquias
445 3115 520 3172 tuas
550 3108 669 3172 misera
696 3107 876 3192 proiicies?
922 3107 1067 3172 Obsecro
1096 3115 1140 3184 te,

116 3232 173 3277 mea
201 3215 280 3289 vita,
305 3212 396 3297 quod
426 3211 468 3275 ad
498 3219 672 3296 sumptum
703 3212 835 3287 attinet,
863 3212 935 3276 sine
966 3213 1059 3289 alios,
1084 3209 1143 3298 qui
1166 3228 1196 3272 ao

116 3326 246 3399 possunt,
277 3319 306 3381 si
340 3317 439 3381 modo
469 3318 599 3393 volunt,
630 3316 807 3394 sustinere,
840 3323 875 3381 et
912 3316 1141 3382 valetudinem

117 3421 196 3484 istam
223 3423 397 3498 infirmam,
421 3422 450 3486 si
484 3443 535 3486 me
565 3441 665 3496 arnae,
682 3421 752 3484 noli
781 3441 923 3496 vexare3
959 3443 1035 3486 nam
1060 3422 1142 3484 mihi

118 3533 178 3590 ante
198 3528 310 3592 oculos
334 3527 405 3592 dies
429 3533 613 3610 noctesque
630 3527 792 3590 versaris:
816 3547 931 3590 omnes
954 3525 1083 3591 labores
1107 3533 1140 3590 te

45 3658 46 3663 ¹
119 3631 248 3716 excipere
273 3631 390 3705 vide03
415 3631 527 3706 timec,
548 3637 587 3693 ut
609 3630 789 3694 sustineas.
835 3629 901 3694 Sed
926 3631 1024 3695 video
1048 3631 1139 3693 inte

119 3739 173 3799 esse
186 3737 310 3811 omnia3
327 3757 439 3820 quare,
457 3742 495 3798 ut
511 3734 555 3810 id,
572 3733 664 3818 quod
680 3756 793 3818 speras
811 3741 845 3798 et
861 3733 952 3819 quod
968 3736 1050 3822 agis,
1068 3755 1143 3799 con·-
1165 3749 1194 3794 35

120 3858 286 3922 sequamur,
317 3839 405 3904 servi
431 3838 630 3902 valetudini.
689 3839 773 3924 Ego,
802 3837 843 3901 ad
874 3859 958 3922 quos
988 3840 1137 3912 scribam,
1162 3840 1182 3899 4
