2800 4367
186 364 248 428 266
448 377 520 427 rao
543 377 574 427 r.
600 375 722 428 armo
745 374 890 426 umora
912 374 1062 426 omaro.

236 549 328 614 mille
346 547 568 613 versabantur
584 549 779 624 valentium,
793 547 883 612 edito
900 546 1082 612 adversarii
1105 552 1206 630 atque
1231 567 1290 610 ex-

235 653 325 718 celso
341 654 415 716 loco
430 653 636 737 superiorem
660 674 694 716 se
720 651 791 716 fore
819 658 955 735 putarat
983 649 1067 713 Milo
1090 662 1125 714 et
1148 649 1190 714 ob
1213 670 1290 714 eam

235 780 305 824 rem
333 779 410 822 eum
440 757 553 821 locum
583 755 627 820 ad
657 777 807 842 pugnam
833 741 1045 840 potissimum
1073 755 1221 841 elegerat
1243 775 1289 818 an

197 879 213 924 9
234 863 268 925 in
285 883 324 926 eo
340 862 414 925 loco
430 869 482 926 est
504 861 617 945 potius
642 867 840 944 expectatus
866 858 908 923 ab
934 881 983 935 eo,
1007 860 1066 944 qui
1090 860 1194 944 ipsius
1219 859 1287 922 loci

183 971 223 1032 54
237 988 296 1051 spe
328 965 437 1030 facere
468 966 631 1050 impeturn
663 964 851 1051 cogitarat?
909 963 974 1028 Res
1014 964 1165 1048 loquitur
1201 964 1286 1047 ipsa,

236 1071 374 1147 iudices,
403 1090 488 1154 quae
519 1091 651 1154 semper
681 1069 773 1133 valet
803 1068 996 1153 plurimum.
1043 1066 1078 1131 Si
1105 1067 1186 1132 haec
1217 1089 1286 1130 non

238 1181 332 1260 gesta
355 1173 527 1249 audiretis,
552 1171 611 1237 sed
643 1173 733 1256 picta
757 1171 926 1248 videretis,
956 1180 1067 1236 tamen
1098 1180 1286 1256 appareret,

237 1286 312 1342 uter
334 1285 423 1342 esset
452 1276 636 1353 insidiator,
668 1284 746 1340 uter
778 1275 862 1338 nihil
893 1276 1057 1362 cogitaret
1076 1276 1174 1352 mali,
1207 1296 1284 1340 cum

236 1382 320 1446 alter
335 1381 514 1446 veheretur
535 1382 571 1443 in
594 1379 694 1445 raeda
717 1379 927 1464 paenulatus‚
945 1401 1012 1442 una
1035 1379 1167 1445 sederet
1189 1402 1286 1444 uxor.

183 1502 212 1546 15
233 1484 382 1564 —Quid
410 1484 528 1548 horum
555 1505 622 1548 non
645 1483 938 1568 inpeditissimum,
964 1483 1107 1547 vestitus
1131 1505 1173 1546 an
1198 1484 1288 1548 vehi-

184 1668 186 1671 ·
238 1589 352 1654 culum
376 1610 418 1651 an
442 1589 577 1653 comes?
604 1587 822 1672 quid'minus
847 1594 1038 1671 promptum
1062 1586 1104 1650 ad
1127 1609 1286 1673 pugnam,

236 1715 312 1758 cum
336 1693 480 1776 paenula
513 1693 681 1767 inretitus,
708 1690 806 1755 raeda
831 1690 1011 1775 inpeditus,
1045 1713 1147 1756 uxore
1179 1714 1287 1776 paene

236 1798 438 1861 constrictus
454 1797 568 1860 esset?
616 1795 740 1859 Videte
752 1817 842 1859 nunc
852 1794 949 1858 illum
960 1796 1105 1879 primum
1115 1794 1288 1881 egredien-
1383 1847 1384 1856 ,

237 1911 304 1967 tem
321 1925 338 1966 e
356 1902 437 1966 villa
453 1901 564 1966 subito
583 1900 717 1984 (curl),
745 1901 877 1984 vesperi
896 1899 999 1985 (quid
1021 1921 1153 1964 necesse
1178 1901 1287 1984 est?),

183 2020 213 2066 ao
235 2006 327 2070 tarde
344 2007 422 2090 (qui
435 2005 602 2080 convenit,
617 2005 811 2088 praesertim
831 2002 865 2067 id
881 2004 1039 2088 temporis
1049 2004 1095 2088 5²).
1142 2003 1289 2068 ‘Dever-

237 2112 280 2174 tit
295 2111 328 2172 in
347 2110 462 2174 villam
478 2107 638 2193 Pompei'
686 2107 885 2192 Pompeium
902 2116 940 2171 ut
953 2107 1108 2173 videret?
1152 2106 1289 2173 Sciebat

236 2216 269 2277 in
300 2215 445 2278 Alsiensi
474 2235 556 2277 esse.
604 2212 731 2276 Villam
755 2219 795 2276 ut
821 2212 1044 2297 perspiceret?
1087 2211 1223 2276 Miliens
1251 2213 1289 2276 in

236 2341 274 2384 ea
287 2319 405 2396 fuerat.
453 2316 545 2396 Quid
557 2339 636 2403 ergo
647 2316 741 2381 erat?
789 2315 903 2381 Morae
920 2324 955 2380 et
971 2316 1287 2403 tergiversationes3

236 2423 317 2486 dum
332 2423 385 2486 hic
403 2423 543 2497 veniret,
560 2421 672 2485 locum
688 2422 876 2506 relinquere
893 2421 1013 2485 noluit.

184 2532 223 2592 55
284 2543 361 2588 xxr.
387 2525 462 2610 Age
481 2546 571 2588 nunc
589 2526 653 2588 iter
668 2525 818 2610 expediti
835 2526 975 2590 latronis
991 2547 1069 2589 cnm
1086 2525 1223 2590 Milonis
1238 2525 1290 2588 in-

237 2629 438 2714 pedimentis
462 2636 660 2713 comparate.
708 2629 845 2715 Semper
867 2630 923 2695 ille
948 2637 1045 2694 antea
1068 2651 1145 2695 cum
1169 2651 1288 2708 uxore,

237 2742 311 2796 tum
333 2733 404 2796 sine
429 2753 487 2807 ea3
513 2754 695 2817 numquam
720 2735 785 2798 nisi
809 2734 843 2796 in
875 2733 983 2811 raeda,
1009 2741 1080 2798 tum
1112 2735 1147 2798 in
1178 2755 1288 2818 equ03

237 2837 374 2900 comites
393 2835 560 2912 Graeculi,
579 2858 793 2922 quocumque
811 2837 891 2915 ibat,
909 2839 1008 2902 etiarn
1025 2860 1102 2903 cum
1117 2839 1152 2901 in
1176 2845 1289 2902 castra

198 2955 213 3001 s
236 2940 379 3005 Etrusca
402 2940 609 3024 properabat,
638 2949 711 3005 tnm
744 2963 909 3028 nugarum
937 2943 972 3004 in
998 2944 1159 3008 comitatu
1188 2943 1287 3006 nihil.

239 3046 333 3121 Milo,
359 3046 418 3129 qui
445 3067 638 3131 numquam,
664 3055 737 3110 tum
768 3068 846 3111 casu
878 3069 998 3131 pueros
1029 3047 1288 3133 symphoniacos

230 3149 352 3213 'uxoris
368 3148 513 3213 ducebat
528 3158 563 3215 et
586 3151 783 3213 ancillarum
806 3174 934 3238 greges.
981 3150 1054 3228 Ille,
1072 3152 1131 3236 qui
1154 3173 1289 3236 semper

237 3274 350 3318 secum
380 3261 498 3330 scorta,
526 3275 656 3340 semper
679 3255 838 3330 exoletos,
863 3277 994 3339 semper
1017 3256 1112 3340 lupas
1135 3255 1287 3333 duceret,

238 3367 310 3422 tum
327 3359 503 3435 neminem,
522 3359 585 3423 nisi
603 3366 642 3422 ut
657 3360 768 3423 virum
784 3381 803 3422 a
819 3361 891 3424 viro
907 3360 1033 3424 lectum
1050 3382 1121 3424 csse
1145 3359 1286 3425 diceres.

187 3477 215 3522 10
238 3462 309 3526 Cur
339 3463 444 3548 igitur
475 3464 584 3527 victus
625 3463 700 3527 est?
746 3462 835 3542 Quia
866 3484 932 3527 non
964 3485 1096 3548 semper
1127 3465 1236 3529 viator
1266 3486 1287 3528 a

238 3566 377 3642 latrone,
395 3588 462 3630 non
485 3588 669 3651 numquam
687 3568 789 3631 etiam
805 3567 890 3631 latro
914 3569 1075 3633 aviatore
1100 3567 1285 3644 occiditur3

238 3672 327 3755 quia,
359 3658 564 3755 quamquam
589 3678 725 3755 paratus
753 3672 787 3733 in
814 3672 1002 3756 imparatos
1027 3679 1139 3736 tamen
1163 3671 1287 3735 mulier

186 3777 225 3839 56
241 3774 405 3838 inciderat
434 3775 469 3837 in
500 3776 598 3839 viros.
645 3774 717 3838 Nec
734 3797 826 3840 ,vero
858 3777 904 3839 sic
936 3782 1006 3840 erat
1029 3796 1188 3860 umquam
1217 3797 1284 3838 non

241 3885 376 3962 paratus
407 3878 491 3942 Milo
522 3885 639 3942 contra
670 3879 776 3952 illum,
808 3886 847 3941 ut
877 3899 943 3941 non
974 3880 1056 3942 satis
1090 3879 1158 3942 fere
1198 3885 1288 3944 esset
