2800 4367
184 314 226 377 62
510 326 582 376 rao
605 326 634 375 u.
659 324 819 377 nunnus
841 324 989 375 onnrro.

235 496 1295 581 nobisoonsccuntur,nisioperasuacompensariputantposse.

237 603 355 685 ltaque
371 608 407 665 et
422 600 487 685 legi
505 599 637 674 Fabiae,
649 622 736 684 quae
752 606 805 664 est
820 599 862 663 de
878 622 1018 663 numero
1027 608 1245 675 sectatorum,
1257 609 1295 665 et

234 712 370 771 senatus
393 704 558 777 consulto,
578 703 670 788 quod
693 712 746 767 est
769 703 806 765 L.
824 703 964 768 Caesare
987 704 1125 767 consule
1147 703 1292 781 factum,

236 810 440 873 restiterunt.
487 806 590 870 Nulla
602 816 654 871 est
664 808 755 871 enim
771 827 887 890 poena,
900 828 987 891 quae
1000 806 1294 891 possitobservan-

183 933 212 976 25
235 916 315 979 tiam
332 912 524 977 tenuiorum
539 911 654 975 abhoc
671 918 784 975 vetere
801 912 960 975 instituto
976 910 1162 974 officiorum
1175 913 1293 976 exolu-

184 1018 322 1084 radere.
368 1016 419 1079 At
433 1016 625 1100 spectacula
640 1022 722 1079 sunt
737 1014 890 1078 tributim
901 1014 980 1078 data
995 1020 1031 1078 et
1044 1014 1088 1078 ad
1108 1015 1292 1099 prandium

236 1123 339 1207 vulgo
352 1120 470 1185 vocati.
511 1118 584 1183 Etsi
595 1119 656 1183 hoc
670 1117 798 1183 factum
807 1140 827 1181 a
837 1118 982 1182 Murena
991 1119 1137 1195 omnino,
1148 1119 1291 1197 iudices,

235 1248 301 1289 non
318 1231 379 1301 est,
396 1224 437 1289 ab
453 1225 525 1288 eius
540 1224 654 1287 amicis
670 1231 786 1287 autem
802 1244 892 1287 more
909 1229 945 1287 et
964 1221 1064 1286 modo
1080 1221 1290 1300 factumest,

235 1340 346 1393 tauron
369 1327 559 1391 admonitus
586 1349 619 1391 re
644 1328 718 1411 ipsa
743 1325 906 1402 recordor,
935 1334 1102 1411 quantum
1125 1326 1186 1391 hae
1212 1350 1293 1391 con-

184 1448 213 1492 so
235 1433 428 1517 questiones
455 1432 489 1493 in
516 1440 635 1495 senatu
663 1430 796 1495 habitae
821 1437 1024 1514 punctorum
1047 1430 1152 1506 nobis,
1180 1430 1290 1508 Servi,

235 1535 451 1599 detraxerint.
508 1532 608 1612 Quod
632 1534 723 1597 enirn
747 1541 882 1617 tempus
908 1532 976 1596 fuit
1001 1540 1062 1596 aut
1087 1541 1202 1597 nostra
1227 1544 1291 1598 aut

236 1646 367 1723 patrum
384 1645 571 1700 nostrorum
589 1639 757 1712 memoria,
780 1658 848 1720 quo
872 1636 963 1712 haec,
987 1637 1058 1701 sive
1081 1637 1220 1701 ambitio
1235 1647 1291 1703 est
1383 1621 1384 1628 ἵ

235 1744 305 1806 εἰνθ
322 1740 513 1815 liberalitas
532 1762 598 1803 nou
616 1739 730 1816 fuerit,
748 1748 788 1804 ut
802 1740 896 1805 loeus
913 1741 993 1804 etin
1011 1741 1099 1805 circo
1115 1749 1150 1805 et
1162 1742 1195 1803 in
1214 1740 1290 1805 foro

184 1850 223 1913 73
235 1846 372 1909 daretur
391 1844 505 1907 amicis
527 1852 562 1907 et
584 1844 791 1908 tribulibus?
835 1861 953 1907 xxxv.
985 1844 1078 1909 Haeo
1094 1847 1206 1909 omnia
1220 1868 1290 1910 seo-

235 1959 392 2024 tatorum,
419 1948 696 2032 spectaculorum,
725 1948 943 2033 prandiorum
969 1949 1109 2012 crimina
1136 1949 1290 2013 multitu-

235 2054 313 2118 dine
336 2054 442 2117 invita
465 2060 524 2115 tua
548 2053 651 2115 nimia
677 2051 863 2137 diligentia,
885 2051 991 2126 Servi,
1008 2053 1160 2117 conlecta
1183 2063 1287 2128 sunt3

237 2160 269 2221 in
286 2156 410 2242 quibus
427 2164 537 2220 tamen
552 2156 696 2221 Murena
712 2164 847 2220 senatus
864 2157 1065 2221 auctoritate
1081 2156 1287 2222 defenditur.

198 2280 213 2322 a
238 2261 328 2341 Quid
344 2262 455 2326 enini?
476 2268 613 2325 senatus
631 2282 713 2323 num
729 2259 861 2324 obviam
878 2260 1009 2344 prodire
1026 2262 1151 2325 crimen
1166 2265 1288 2346 putat?
1308 2249 1309 2252 ¹

236 2364 322 2441 Non,
349 2364 410 2429 sed
433 2364 594 2429 mercede.
642 2363 824 2428 Convince.
871 2363 963 2427 Num
992 2366 1113 2429 sectari
1135 2367 1288 2430 multos?

237 2467 323 2545 Non,
339 2469 399 2534 sed
415 2468 606 2533 conductos.
640 2469 741 2533 Doce.
773 2469 864 2531 Num
881 2469 992 2533 locum
1007 2469 1049 2532 ad
1064 2470 1287 2554 spectandum
1382 2473 1383 2478 ’

236 2573 314 2637 dare
341 2581 401 2637 aut
426 2573 468 2636 ad
492 2572 668 2656 prandium
696 2574 861 2638 invitare?
906 2574 1056 2651 Minime,
1083 2575 1144 2640 sed
1175 2577 1285 2661 volgo.

237 2677 329 2756 Quid
344 2685 396 2741 est
412 2677 536 2762 volgo?
584 2677 778 2742 Universos.
825 2677 902 2741 Nou
924 2678 1039 2765 igitur,
1056 2680 1084 2743 si
1108 2679 1146 2742 L.
1171 2679 1284 2754 Natta,

186 2796 214 2841 10
235 2802 365 2844 summo
390 2780 464 2844 loeo
488 2779 694 2858 adulescens
721 2783 779 2866 qui
805 2790 840 2845 ct
862 2803 930 2865 quo
953 2785 1065 2847 animo
1089 2785 1155 2847 iam
1180 2785 1226 2849 sit
1249 2792 1286 2847 et

243 2886 352 2969 qualis
380 2885 431 2947 vir
458 2882 594 2949 futurus
617 2886 671 2962 sit,
697 2885 861 2961 videmus,
886 2887 920 2948 in
945 2889 1099 2971 equitum
1123 2888 1283 2953 centuriis

236 2991 347 3054 voluit
375 3010 447 3052 θεεθ
479 2996 515 3052 et
545 2989 587 3052 ad
618 2990 680 3055 hoe
712 2989 858 3054 officium
888 2990 1145 3054 necessitudinis
1176 3001 1211 3056 et
1241 2990 1284 3055 ad

236 3094 403 3176 reliquum
427 3099 560 3176 tempus
584 3095 762 3180 gratiosus,
787 3093 822 3156 id
847 3094 911 3156 erit
935 3094 1007 3155 eius
1031 3094 1150 3155 vitrico
1172 3095 1283 3159 fraudi

236 3204 295 3259 aut
317 3196 456 3271 crimini,
475 3218 546 3272 neo,
572 3200 601 3261 si
620 3198 717 3282 virgo
737 3195 896 3270 Vestalis
913 3196 1014 3258 huius
1038 3196 1227 3281 propinqua
1250 3207 1285 3263 et

186 3316 213 3360 15
237 3300 429 3373 necessaria,
460 3300 571 3363 locum
601 3322 700 3363 suum
737 3297 974 3385 gladiatorium
1000 3300 1164 3364 concessit
1194 3301 1280 3379 huic,

236 3426 303 3467 non
324 3412 359 3467 et
374 3405 433 3467 illa
449 3405 502 3487 pie
520 3402 601 3467 fecit
617 3411 652 3466 et
667 3403 721 3466 hio
737 3425 756 3466 a
772 3403 871 3486 culpa
892 3410 943 3467 est
957 3411 1114 3467 remotus.
1161 3405 1281 3470 Omnia

236 3509 316 3573 haec
342 3516 424 3573 sunt
453 3507 562 3571 officia
593 3508 862 3582 necessariorum,
886 3508 1059 3572 commoda
1081 3511 1279 3586 tenuiorum,

236 3614 350 3677 munia
366 3611 628 3677 candidatorum.

185 3719 224 3782 74
278 3718 328 3780 At
357 3718 445 3781 enim
476 3719 548 3803 agit
563 3740 692 3782 mecum
709 3726 839 3782 austere
863 3724 899 3783 et
924 3717 1034 3783 Stoice
1059 3717 1154 3794 Cato,
1182 3727 1282 3805 negat

185 3839 214 3883 ao
236 3844 353 3887 verum
384 3844 454 3888 esse
481 3825 571 3889 allici
596 3824 854 3889 benivolentiam
886 3823 966 3899 cibo,
994 3830 1097 3909 negat
1121 3822 1281 3887 iudicium
