2800 4367
219 339 283 404 292
348 351 398 402 nr
414 331 570 400 mersio
588 350 645 401 cn.
665 350 806 400 rourrr
824 349 876 400 Ao
893 348 1069 410 Quisrrns
1086 347 1244 400 onnrro.

269 525 329 590 siti
345 523 486 587 maiores
509 522 617 586 nostri
644 543 722 586 cum
752 521 934 597 Antiocho,
950 541 1028 584 cum
1055 518 1228 605 Philippo,
1248 508 1339 586 cunr

203 709 205 712 Α
270 628 414 703 Aetolis,
431 647 507 690 cunr
525 625 647 690 Poenis
663 625 752 690 bella
766 632 954 711 gesserunt,
972 631 1102 708 quanto
1120 645 1180 688 vos
1205 624 1338 688 studio

269 733 429 799 convenit
465 729 596 794 iniuriis
635 736 834 814 provocatos
871 729 1038 794 sociorum
1076 729 1224 794 salutem
1260 751 1338 792 una

230 854 246 900 s
268 860 344 902 curn
368 835 499 921 imperii
516 835 619 900 vestri
636 832 801 920 dignitate
818 831 1010 908 defendere,
1027 834 1228 917 praesertim
1247 855 1333 898 curn

269 942 311 1008 de
341 941 497 1004 maximis
528 938 649 1004 vestris
678 936 900 1023 vectigalibus
928 937 1073 1023 agatur?
1118 937 1207 1001 Nam
1237 945 1335 1004 cete-

269 1067 381 1110 rarum
411 1043 660 1130 provinciarum
689 1042 878 1128 vectigalia,
909 1040 1072 1121 Quirites,
1100 1049 1196 1106 tanta
1229 1050 1331 1119 sunt,

268 1159 309 1215 ut
334 1150 375 1214 iis
395 1147 439 1212 ad
464 1149 554 1232 ipsas
579 1146 769 1231 provincias
797 1145 955 1210 tutandas
976 1146 1035 1210 vix
1067 1147 1220 1210 contenti
1251 1168 1331 1210 esse

269 1255 445 1340 possimus,
462 1253 547 1316 Asia
573 1272 652 1317 vero
683 1258 753 1315 tam
781 1251 892 1335 opima
918 1257 970 1315 est
997 1271 1035 1314 ac
1062 1249 1195 1326 fertilis,
1221 1259 1265 1316 ut
1293 1260 1331 1315 et

131 1356 135 1364 '
217 1376 246 1422 10
268 1359 419 1424 ubertate
435 1377 591 1442 agrorum
606 1363 643 1420 et
659 1355 821 1420 varietate
838 1354 1015 1420 fructuum
1031 1363 1067 1421 et
1083 1354 1326 1442 magnitudine

269 1461 432 1548 pastionis
462 1468 498 1525 et
529 1459 749 1524 multitudine
782 1479 896 1524 earum
929 1481 1050 1536 rerum,
1083 1481 1170 1544 quae
1202 1481 1327 1543 expor-

269 1574 395 1641 tentur,
423 1564 521 1629 facile
550 1562 705 1628 omnibus
732 1564 829 1628 terris
856 1563 1045 1628 antecellat.
1093 1563 1214 1648 ltaque
1240 1563 1325 1628 haec

269 1671 362 1737 vobis
387 1669 568 1754 provincia,
586 1667 748 1747 Quirites,
764 1669 792 1732 si
809 1675 844 1733 et
866 1667 946 1735 belli
975 1668 1159 1733 utilitatem
1177 1675 1212 1732 et
1228 1669 1323 1752 pacis

187 1763 245 1863 '⁴14
267 1775 467 1861 dignitatem
505 1773 649 1837 retinere
681 1772 796 1847 vultis,
831 1793 897 1836 uon
939 1770 1037 1836 modo
1068 1793 1088 1835 a
1115 1771 1321 1847 calamitate,

217 1885 252 1945 15
264 1879 325 1944 sed
351 1879 453 1942 etiam
479 1884 618 1941 amatu
648 1877 849 1942 calamitatis
878 1885 931 1943 est
962 1877 1184 1943 defendenda.
1231 1877 1319 1940 Nam

267 1985 302 2046 in
319 1983 455 2048 certeris
472 1979 571 2045 rebus
588 2002 665 2045 cum
678 1981 773 2047 venit
789 1982 971 2058 calamitae,
986 1991 1060 2048 tum
1077 1982 1319 2048 detrimentum

268 2088 450 2172 accipitur3
474 2093 511 2150 at
525 2085 561 2147 in
577 2084 800 2170 vectigalibus
817 2107 884 2150 non
908 2087 1017 2151 solum
1042 2086 1209 2152 adventus
1226 2088 1316 2170 mali,

268 2192 452 2272 sedetiam
479 2195 587 2254 metus
615 2189 686 2273 ipse
715 2187 815 2254 affert
845 2191 1080 2256 calamitatem.
1129 2191 1215 2254 Nam
1239 2213 1317 2255 curn

268 2297 415 2360 hostiurn
445 2294 559 2378 copiae
599 2314 666 2356 non
698 2293 798 2379 longe
836 2293 971 2370 absunt,
1004 2295 1135 2360 etiamsi
1172 2295 1315 2380 irruptio

215 2417 245 2462 ao
267 2399 361 2465 nulla
391 2398 481 2462 facta
508 2405 569 2472 est,
592 2404 703 2461 tamen
729 2398 884 2480 pecuaria
915 2399 1129 2483 relinquitur,
1154 2400 1226 2486 agri
1249 2401 1316 2464 cul·

268 2512 345 2568 tura
360 2503 535 2577 deseritur,
553 2510 776 2566 mercatorum
800 2502 974 2587 navigatio
997 2504 1216 2588 conquiescit.
1247 2487 1313 2567 vIta

269 2630 379 2693 neque
396 2630 437 2672 ex
462 2613 561 2691 portu
588 2627 697 2690 neque
714 2627 756 2669 ex
784 2605 933 2672 decumis
959 2629 1069 2692 neque
1087 2629 1128 2672 ex
1153 2609 1312 2692 scriptura

269 2713 414 2798 vectigal
446 2711 634 2775 conservari
667 2715 799 2793 potest3
839 2731 943 2795 quare
975 2733 1072 2795 saepe
1101 2713 1206 2776 totius
1236 2713 1310 2776 anni

141 2896 144 2900 .
216 2833 245 2879 ar
267 2817 400 2880 fructus
428 2836 496 2877 nno
524 2835 655 2878 rumore
682 2813 824 2898 periculi
856 2822 958 2898 atque
986 2837 1053 2880 uno
1082 2814 1161 2880 belli
1192 2823 1309 2881 terrore

217 2927 254 2987 16
266 2921 442 2985 amittitur.
491 2918 569 2998 Quo
587 2919 723 2983 tandem
740 2920 852 2982 animo
869 2941 940 2984 esse
958 2921 1158 2986 existimatis
1174 2929 1232 2986 aut
1246 2944 1308 2998 eos

267 3027 326 3111 qui
354 3024 533 3110 vectigalia
559 3022 654 3088 nobis
681 3024 866 3108 pensitant,
894 3032 954 3089 aut
981 3046 1047 3101 eos,
1073 3026 1132 3109 qui
1160 3037 1309 3092 exercent

269 3137 372 3214 atque
402 3129 556 3214 exigunt,
588 3150 664 3192 cum
695 3127 764 3192 duo
795 3150 889 3214 reges
920 3112 997 3193 cum
1030 3129 1182 3194 maximis
1211 3132 1306 3214 copiis

269 3240 406 3318 propter
434 3231 556 3308 adsint,
586 3254 663 3296 cum
691 3253 759 3295 una
784 3233 937 3297 excursio
965 3234 1137 3317 equitatus
1164 3231 1305 3317 perbrevi

269 3346 418 3421 tempore
436 3337 541 3401 totius
557 3337 637 3400 anni
650 3336 797 3422 vectigal
823 3336 954 3402 auferre
981 3338 1096 3422 possit,
1110 3358 1185 3401 curn
1209 3336 1305 3420 publi·

216 3457 246 3502 sc
271 3441 346 3506 cani
362 3440 507 3505 familias
523 3441 694 3517 maximas,
713 3462 797 3524 quas
813 3441 848 3504 in
865 3440 1006 3506 saltibus
1020 3440 1166 3516 'habent
1182 3442 1302 3524 quasin

269 3545 368 3633 agris,
386 3566 470 3629 quas
486 3546 521 3607 in
537 3543 704 3629 portubus
720 3551 822 3628 atque
839 3545 1012 3621 custodiis,
1030 3566 1152 3630 magno
1167 3545 1301 3628 periculo

269 3673 305 3716 se
332 3650 452 3715 habere
476 3649 705 3714 arbitrentur?
751 3648 929 3714 Putatisne
948 3671 1008 3715 vos
1033 3650 1100 3713 illis
1125 3647 1220 3714 rebus
1241 3648 1300 3714 frui
1353 3675 1354 3688 ¹

267 3777 374 3841 posse,
391 3755 456 3818 nisi
472 3775 539 3829 eos
557 3754 616 3837 qui
632 3753 727 3817 vobis
744 3752 873 3818 fructui
888 3763 979 3830 sunt,
997 3753 1227 3819 conservaritis
1241 3775 1299 3818 non

270 3862 391 3935 solum,
416 3867 456 3923 ut
479 3865 557 3922 ante
583 3857 665 3934 dixi,
681 3857 880 3933 calamitate,
907 3858 966 3924 sed
990 3859 1094 3930 etiam
1117 3858 1298 3923 calamitatis

216 3980 247 4027 as
268 3963 447 4030 formidine
464 3962 646 4028 liberatos?
