2800 4367
188 289 250 356 204
519 301 592 352 rao
615 301 646 352 Ρ.
668 301 795 353 suario
819 301 968 352 onnam.

241 487 294 542 est
308 499 452 543 necesse.
500 474 550 538 At
564 474 591 537 si
605 474 661 536 isti
676 472 821 558 Cypriae
833 473 998 559 rogationi
1011 473 1292 538 sceleratissimae

188 597 217 640 ro
238 602 303 645 non
329 583 505 665 paruisset,
522 578 675 643 haereret
698 577 756 640 illa
783 575 889 640 nihilo
917 578 1029 641 minus
1058 578 1104 641 rei
1132 577 1290 662 publicae
1360 627 1361 664 ,

241 683 436 770 turpitud03
467 705 571 769 regno
595 681 683 745 enim
707 681 772 744 iarn
796 680 968 766 publicato
991 678 1032 744 de
1056 682 1128 765 ipso
1154 681 1291 746 Catone

240 796 311 851 erat
341 787 539 852 nominatim
571 792 736 871 rogatum.
784 783 885 864 Quod
920 785 976 850 ille
1007 785 1035 848 si
1067 786 1289 870 repudiasset,

240 891 412 968 dubitatis,
430 892 513 976 quin
529 892 559 954 ei
576 891 627 954 vis
643 898 732 954 esset
748 889 859 966 allata,
877 910 955 954 cum
977 890 1089 953 omnia
1105 898 1176 953 acta
1190 890 1289 954 illius

189 997 318 1060 63anni
344 1017 403 1080 per
429 1016 536 1058 unum
560 995 657 1057 illurn
685 992 878 1057 labefactari
905 993 1124 1058 viderentur?
1167 994 1289 1078 Atque
1360 983 1361 1068 l

189 1116 216 1160 15
238 1101 338 1164 etiam
360 1100 422 1164 hoc
445 1098 590 1175 videbat,
607 1099 767 1183 quoniam
791 1098 848 1161 illa
872 1099 906 1161 in
934 1121 968 1163 re
995 1099 1128 1183 publica
1155 1100 1289 1162 macula

240 1206 334 1290 regni
350 1202 511 1288 publicati
528 1211 686 1278 maneret,
705 1225 807 1287 quam
824 1224 921 1267 nemo
937 1205 1002 1267 iam
1024 1211 1140 1288 posset
1163 1204 1288 1276 eluere,
1360 1213 1361 1274 l

241 1306 332 1391 quod
348 1329 389 1372 ex
407 1306 502 1370 malis
519 1305 597 1370 boni
621 1314 735 1390 posset
757 1307 791 1369 in
816 1328 884 1371 rem
909 1307 1078 1392 publicam
1102 1308 1288 1391 pervenire,

240 1410 274 1474 id
291 1411 410 1475 utilius
426 1432 497 1475 esse
514 1432 573 1496 per
587 1431 623 1474 se
640 1411 829 1475 conservari
844 1431 945 1494 quam
958 1433 1017 1494 per
1029 1411 1122 1474 alios.
1170 1411 1289 1495 Atque

240 1515 298 1579 ille
314 1516 443 1579 etiamsi
460 1515 525 1580 alia
541 1515 698 1600 quapiam
714 1515 747 1580 vi
762 1514 988 1599 expelleretur
999 1514 1067 1579 illis
1080 1515 1289 1600 temporibus

136 1693 139 1696 ⁴
187 1634 217 1679 ao
238 1641 280 1683 ex
308 1619 369 1683 hac
397 1618 489 1695 urbe,
518 1617 615 1681 facile
645 1626 824 1703 pateretur.
871 1618 1018 1695 Etenim,
1035 1619 1094 1704 qui
1118 1620 1289 1703 superiore

240 1745 327 1787 anno
351 1732 471 1788 senatu
494 1724 667 1798 caruisset,
684 1745 753 1807 quo
774 1724 801 1787 si
828 1729 901 1786 tum
928 1724 1070 1799 veniret,
1097 1745 1149 1787 me
1176 1731 1289 1787 tamen

240 1829 366 1891 socium
382 1849 520 1891 suorum
538 1828 572 1889 in
589 1850 623 1891 re
640 1827 775 1911 publica
792 1827 1009 1891 consiliorum
1026 1826 1140 1891 videre
1165 1837 1289 1912 posset,

240 1933 268 1994 is
289 1951 397 2015 aequo
420 1932 531 1995 animo
555 1940 629 1995 tum
653 1953 705 1996 me
732 1932 873 2016 expulso
893 1938 928 1996 et
953 1953 1026 1995 meo
1051 1932 1186 1996 nomine
1214 1955 1289 1996 oum

241 2037 398 2101 universo
413 2044 544 2111 senatu,
562 2042 635 2099 tum
651 2019 819 2100 sententia
837 2056 899 2099 sua
922 2034 1144 2100 condemnata
1168 2037 1204 2098 in
1230 2036 1289 2100 hac

187 2156 217 2202 25
239 2140 320 2206 urbe
351 2162 424 2206 esse
455 2139 593 2226 posset?
637 2138 700 2203 Ille
727 2161 807 2205 vero
834 2139 942 2204 eidem
969 2141 1109 2223 tempori
1136 2141 1191 2203 oui
1219 2162 1288 2215 noa,

241 2244 390 2310 eiusdem
401 2243 517 2320 furori,
529 2242 654 2308 eisdem
667 2243 874 2318 consulibua,
885 2242 1011 2307 eisdem
1026 2243 1134 2318 minis,
1146 2243 1288 2318 insidiis,

241 2350 398 2434 periculis
415 2350 526 2413 cessit.
574 2347 721 2412 Luctum
739 2369 800 2411 nos
816 2347 990 2412 hausimus
1015 2348 1183 2423 maiorem,
1201 2347 1289 2410 dolo-

139 2444 142 2449 ¹
240 2475 309 2518 rem
325 2454 382 2517 ille
398 2453 500 2516 animi
517 2473 584 2515 non
601 2452 773 2516 minorem.

189 2559 229 2623 64
284 2574 374 2620 xxx.
407 2556 471 2621 His
488 2556 529 2620 de
546 2565 598 2621 tot
613 2556 786 2640 tantisque
803 2556 934 2620 iniuriis
952 2557 985 2618 in
1002 2556 1119 2631 socios,
1134 2556 1168 2619 in
1183 2579 1288 2642 reges,

241 2662 275 2724 in
299 2662 453 2726 civitates
478 2660 597 2724 liberas
623 2660 801 2724 consulum
825 2661 974 2744 querella
999 2682 1069 2725 esse
1091 2658 1229 2736 debuit;
1253 2662 1287 2723 in

241 2767 313 2829 eius
341 2767 557 2852 magistratus
585 2765 693 2828 tutela
720 2785 814 2850 reges
842 2771 943 2848 atque
972 2771 1104 2829 exterae
1133 2765 1287 2830 nationes

240 2892 369 2954 semper
385 2869 536 2933 fuerunt.
582 2868 720 2953 quuae
737 2891 804 2933 vox
822 2890 981 2953 umquam
999 2877 1052 2934 est
1074 2868 1191 2932 audita
1214 2891 1287 2933 oon·
1324 2880 1328 2886 '

187 2991 202 3032 a
239 2974 376 3037 sulum?
422 2973 635 3058 Quamquam
667 2974 744 3057 quis
775 2972 918 3045 audiret,
949 2973 977 3036 si
1016 2973 1159 3036 maxime
1192 2976 1285 3056 queri

241 3078 392 3142 vellent?
438 3077 489 3142 De
514 3077 640 3163 Cyprio
665 3099 743 3163 rege
771 3083 1001 3160 quererentur,
1019 3077 1077 3160 qui
1103 3097 1155 3140 me
1179 3077 1284 3141 civem
1360 3143 1361 3152 ,

241 3181 335 3244 nullo
348 3203 421 3245 meo
434 3183 570 3246 erimine
587 3182 713 3266 patriae
730 3181 863 3243 nomine
881 3179 1086 3244 laborantem
1103 3200 1170 3243 non
1189 3181 1284 3244 modo
1360 3265 1361 3272 ἵ

240 3292 385 3349 stantem
403 3307 469 3347 non
486 3284 719 3359 defenderunt,
738 3283 855 3348 sedne
874 3284 1035 3348 iacentem
1054 3283 1191 3368 quidem
1215 3307 1284 3369 pro
1360 3309 1361 3395 q

240 3388 422 3453 texerunt?
470 3387 651 3465 Cessemm,
679 3389 707 3452 si
734 3388 876 3451 alienam
901 3408 920 3451 a
946 3408 997 3452 me
1023 3387 1153 3472 plebem
1179 3387 1281 3454 fuisse
1360 3399 1361 3486 l

188 3507 216 3551 10
239 3492 351 3569 voltis,
380 3515 466 3577 quae
495 3514 562 3556 non
594 3491 855 3568 fuit,invidiae;
891 3492 918 3556 si
948 3492 1147 3556 commoveri
1174 3495 1281 3557 omnia

241 3595 451 3673 videbantur,
468 3597 629 3680 tempori3
654 3597 682 3660 si
706 3597 756 3660 vis
781 3597 926 3674 suberat,
944 3598 1062 3673 armis3
1090 3598 1118 3660 si
1142 3599 1279 3662 societas

241 3702 507 3786 magistratuum,
526 3701 692 3784 pactioni3
717 3701 744 3764 si
762 3702 951 3785 perieulum
968 3701 1103 3777 civium,
1116 3702 1163 3766 rei
1180 3701 1279 3786 publi-

187 3809 225 3870 65
238 3827 305 3868 cae.
353 3804 432 3880 Cur,
443 3827 519 3868 eum
536 3804 577 3867 de
596 3805 704 3886 eapite
722 3805 804 3868 civis
823 3808 908 3888 <non
925 3803 1070 3890 disputo,
1082 3805 1178 3870 cuius
1195 3805 1276 3868 modi
