2800 4367
461 382 542 432 car.
569 383 655 444 rr-ra
678 385 693 446 s
715 383 803 434 tosa.
1131 371 1194 436 307

1045 491 1059 522 Ι
1226 521 1229 528 .

59 574 101 619 ras
130 564 200 620 tua
236 575 364 639 quam
405 553 512 638 ipsius
550 553 666 638 populi
708 554 847 618 Romani
879 555 970 620 salus
1000 561 1036 621 et
1066 577 1144 622 vera
1166 572 1195 618 aa

61 682 152 724 rausa
184 659 393 732 valuisset,
423 655 521 721 hodie
549 659 634 722 hanc
670 658 809 744 gloriam
837 665 938 742 atque
967 659 1028 724 hoc
1054 660 1141 724 orbis

63 784 163 828 terrae
198 762 410 848 imperium
442 761 656 826 teneremus?
690 762 745 826 An
776 761 835 827 tibi
864 771 935 826 tum
964 764 1139 848 imperium

64 869 115 932 hoc
142 890 230 933 esse
264 863 470 940 videbatur,
487 885 563 930 cum
592 867 708 950 populi
738 866 878 930 llomani
905 867 1018 952 legati,
1043 889 1142 952 quae-

65 990 164 1036 stores
221 977 484 1056 praetoresque
521 970 748 1054 capiebantur,
790 991 866 1034 cum
904 993 945 1034 ex
986 971 1139 1036 onriribus

67 1077 262 1160 provinciis
303 1080 497 1137 commeatu
528 1081 564 1138 et
593 1074 725 1158 privato
756 1083 791 1138 ct
822 1074 955 1158 publico
994 1075 1142 1160 probibe-
1164 1093 1194 1136 40

42 1181 193 1255 immur,
225 1200 320 1244 cum
348 1178 399 1241 ita
430 1177 542 1242 clarrsa
573 1177 668 1242 nobis
699 1186 795 1242 erant
827 1179 929 1242 inuria
960 1180 1080 1254 onmia,
1098 1187 1138 1245 ut

68 1306 173 1369 neque
189 1285 380 1370 privatam
396 1302 466 1346 rem
482 1282 737 1347 transmarinam
755 1303 864 1366 neque
889 1281 1055 1366 publicam
1075 1285 1139 1348 iam

69 1389 152 1453 obire
172 1385 400 1473 possemus?

105 1511 233 1557 xvnl.
261 1491 364 1568 Quae
376 1490 494 1554 civitas
504 1499 603 1556 antea
614 1513 773 1576 umquam
784 1489 860 1568 fuit,
875 1513 940 1555 aon
952 1491 1027 1556 dico
1039 1491 1141 1558 Athe·
1153 1495 1192 1559 54

70 1600 266 1671 niensium,
278 1615 368 1678 quae
383 1595 464 1658 satis
476 1595 543 1660 late
561 1595 731 1680 quondam
745 1617 832 1660 more
846 1597 991 1660 tenuisse
1005 1594 1138 1672 dicitur,

71 1725 133 1766 non
165 1699 527 1784 Carthaginiensium,
544 1702 603 1784 qui
631 1701 838 1785 permultum
861 1701 964 1764 classe
980 1722 1017 1764 ao
1044 1702 1138 1764 mari-

72 1809 162 1870 timis
191 1805 304 1869 rebus
320 1803 512 1879 valuerunt,
529 1826 596 1868 non
625 1804 842 1880 Rhodiorum,
860 1826 1003 1890 quorum
1032 1827 1139 1890 usque

74 1912 110 1974 ad
151 1917 319 1974 nostram
358 1909 551 1973 memoriam
588 1908 766 1994 disciplina
804 1909 931 1974 navalis
962 1917 998 1972 et
1034 1911 1142 1996 gloria
1177 1927 1192 1972 s

75 2015 260 2086 remansit,
292 2032 378 2095 quae
417 2013 545 2088 civitas,
584 2014 732 2097 inquam,
771 2022 870 2078 antea
907 2021 975 2078 tam
1015 2015 1137 2090 tenuis

77 2142 165 2204 quae
184 2125 263 2182 tarn
291 2137 395 2199 parva
421 2117 533 2180 insula
556 2116 633 2191 fuit,
651 2139 737 2202 quae
766 2139 831 2182 non
861 2125 977 2202 portus
1002 2141 1080 2184 suos
1104 2129 1140 2185 et

77 2245 180 2310 agros
210 2228 249 2286 et
273 2221 419 2304 aliquam
451 2229 579 2305 partem
611 2223 757 2308 regionis
788 2229 890 2306 atque
929 2244 1004 2288 orae
1043 2225 1137 2287 mari·

80 2332 187 2392 timae
220 2347 283 2410 per
311 2347 347 2390 se
377 2326 449 2410 ipsa
479 2326 703 2390 defenderet?
762 2327 811 2390 At
841 2327 976 2392 hercule
1007 2329 1139 2412 aliquot

81 2454 192 2496 annos
225 2429 404 2494 continuos
442 2440 520 2494 ante
552 2432 660 2516 legem
693 2430 871 2496 Gabiniam
905 2432 961 2495 ille
993 2432 1137 2516 populus
1162 2448 1191 2492 10

84 2539 273 2609 Romanus,
291 2535 386 2598 ouius
415 2556 523 2618 usque
551 2533 593 2598 ad
620 2543 769 2600 nostram
797 2537 988 2601 memoriam
1016 2557 1137 2601 nomen

86 2643 257 2706 invictum
283 2639 319 2701 i'n
345 2638 520 2703 navalibus
547 2641 671 2726 pugnis
698 2642 927 2725 permanserit,
953 2663 1073 2728 magna
1099 2663 1136 2706 ao

89 2746 199 2809 multo
226 2744 371 2806 maxima
395 2752 489 2828 parte
518 2767 583 2808 non
616 2745 715 2809 modo
743 2747 914 2823 utilitatis
943 2747 1003 2812 sed
1029 2747 1135 2834 digni-

91 2851 172 2914 tatis
199 2855 300 2932 atque
328 2849 457 2934 imperii
485 2850 613 2924 caruit3
638 2873 708 2925 nos,
738 2872 882 2936 quorum
908 2853 1047 2917 maiores
1072 2853 1142 2916 An·
1151 2858 1189 2920 55

94 2953 239 3020 tiochum
255 2974 367 3039 regem
383 2955 487 3018 classe
513 2953 716 3040 Persemque
741 2964 944 3040 superarunt
973 2949 1192 3022 omnibus-15¹
1228 3003 1231 3011 .

96 3080 160 3142 que
198 3055 372 3120 navalibus
410 3058 533 3143 pugnis
572 3057 872 3145 Carthaginiensis,
913 3060 1063 3124 homines
1101 3063 1137 3124 in

97 3161 264 3224 maritimis
311 3160 410 3225 rebus
457 3163 765 3228 exercitatissumos
817 3165 1133 3249 paratissumosque,

100 3267 254 3340 vicerunt,
272 3265 296 3328 ii
321 3265 415 3329 nullo
440 3267 475 3328 in
501 3267 575 3330 loco
600 3267 666 3330 iam
693 3266 916 3352 praedonibus
944 3289 1038 3351 pares
1061 3290 1133 3332 esse

101 3377 299 3454 poteramus3
332 3389 403 3445 noa,
429 3371 490 3454 qui
516 3378 617 3436 antea
643 3393 711 3435 non
736 3370 834 3434 modo
862 3370 995 3433 Italiam
1024 3377 1133 3435 tutam

102 3472 301 3549 habebamus,
328 3473 388 3538 sed
415 3496 530 3539 omnes
557 3476 665 3540 socios
688 3477 725 3538 in
750 3475 878 3539 ultimis
906 3474 970 3537 oris
996 3475 1136 3538 auctori·
1158 3491 1189 3535 20

104 3584 166 3640 tate
192 3578 293 3642 nostri
324 3578 455 3662 imperii
486 3579 597 3644 salvos
629 3588 797 3665 praestare
829 3586 1031 3664 poteramus,
1049 3585 1133 3655 tum,

107 3681 292 3746 cuminsula
315 3675 419 3747 Delos
447 3690 516 3747 tam
542 3686 658 3768 procul
674 3706 693 3747 a
709 3684 804 3748 nobis
829 3685 864 3748 in
890 3683 1026 3770 Aegaeo
1049 3684 1132 3747 mari

109 3785 291 3870 positaque
307 3807 423 3851 omnes
439 3787 591 3872 undique
608 3809 683 3850 cum
710 3788 875 3853 mercibus
901 3797 1003 3874 atque
1032 3787 1135 3852 oneri·

110 3887 163 3953 bus
186 3888 423 3967 commeabant,
453 3890 578 3955 referta
615 3889 755 3968 divitiis,
788 3915 900 3976 parva,
932 3895 1005 3960 sinc
1036 3911 1131 3956 muro
