2800 4367
273 321 338 388 254
542 334 615 386 rao
637 334 668 384 r.
692 332 812 384 Arrio
835 332 981 384 urucae
1003 332 1153 386 onarrc.

272 510 312 574 28
368 525 418 571 rx.
443 505 553 586 Quam
576 505 619 570 ob
643 527 724 582 rem,
742 503 882 580 iudices,
899 511 938 568 ut
962 504 1145 590 aliquando
1171 503 1219 571 ad
1250 525 1359 586 causa

326 612 518 695 crimenque
536 611 718 687 veniamus,
735 611 764 674 si
786 631 897 694 neque
913 609 1021 674 omnis
1037 608 1203 676 confessio
1222 609 1317 674 facti
1344 633 1359 698 e

326 717 488 780 inusitata
502 736 613 800 neque
630 713 671 780 de
687 735 789 778 causa
804 721 919 778 nostra
934 715 1118 799 quicquam
1133 716 1248 792 aliter,
1268 736 1310 778 ac
1331 737 1359 784 m

327 820 500 895 vellemus,
526 841 546 882 a
570 826 691 884 senatu
719 817 908 883 iudicatum
935 825 987 884 cst
1013 826 1049 884 ct
1074 819 1161 884 lator
1184 821 1264 904 ipse
1292 817 1359 904 legi

272 940 287 985 s
324 946 402 989 cum
418 930 507 988 esset
521 923 750 989 controversia
768 923 862 988 nulla
878 921 970 1000 facti,
987 923 1069 990 iuris
1086 930 1198 988 tamen
1217 922 1359 1008 discept

326 1030 453 1094 tionem
468 1049 539 1093 esse
558 1028 667 1092 voluit
682 1035 717 1092 et
733 1027 763 1092 ei
787 1027 868 1092 lecti
893 1026 1021 1092 iudices
1044 1027 1140 1112 isque
1163 1028 1359 1112 praepositi

326 1141 378 1198 est
403 1133 603 1218 quaestioni,
632 1132 690 1217 qui
718 1131 800 1196 haec
824 1132 912 1198 iuste
936 1132 1174 1217 sapienterque
1198 1131 1359 1216 discepto

325 1238 494 1322 reliquum
531 1243 592 1313 est,
623 1235 761 1313 iudices,
793 1243 834 1300 ut
870 1235 955 1299 nihil
993 1236 1059 1300 iam
1090 1255 1257 1320 quaerere
1292 1236 1359 1300 aliu

326 1342 485 1418 debeatis
516 1342 580 1406 nisi
612 1348 688 1406 uter
719 1341 787 1405 utri
827 1339 966 1405 insidias
997 1339 1125 1405 fecerit.
1173 1339 1286 1420 Quod
1319 1359 1359 1424 qq

273 1462 303 1508 10
324 1446 456 1512 facilius
494 1445 700 1530 argumentis
730 1446 918 1530 perspicere
950 1445 1096 1529 possitis,
1134 1467 1206 1510 rem
1249 1451 1359 1530 gestat

327 1551 420 1615 vobis
435 1550 516 1614 dum
532 1549 678 1615 breviter
693 1570 835 1634 expone,
850 1570 985 1635 quaeso,
999 1547 1179 1635 diligenter
1194 1543 1359 1613 attendit

219 1669 221 1671 ’
272 1657 313 1720 24
368 1655 407 1716 Ρ.
425 1653 564 1718 Clodius
588 1675 665 1718 cum
689 1654 868 1718 statuisset
891 1654 982 1717 omni
1004 1654 1129 1718 scelere
1152 1655 1188 1717 in
1218 1661 1359 1740 praetuq

326 1781 447 1825 vexare
462 1780 531 1823 rem
547 1758 716 1844 publicam
734 1757 932 1842 videretque
949 1759 997 1821 ita
1017 1764 1125 1822 tracta
1148 1779 1223 1822 esse
1242 1757 1359 1822 comiti

325 1884 414 1926 anno
428 1864 608 1947 superiore,
625 1869 746 1926 utnon
764 1853 889 1926 multos
907 1883 1036 1926 menses
1052 1868 1249 1946 praeturam
1262 1879 1359 1946 geren

273 1984 302 2028 15
324 1974 446 2052 posset,
470 1967 528 2051 qui
559 1988 627 2044 non
657 1966 792 2030 honoris
823 1965 965 2052 gradum
989 1971 1157 2050 spectaret
1187 1973 1231 2028 ut
1264 1963 1359 2042 ceter}

325 2070 385 2136 sed
409 2079 443 2135 et
466 2071 504 2134 L.
529 2070 674 2134 Paulum
696 2070 861 2156 collegam
887 2067 1035 2155 effugere
1063 2067 1177 2144 vellet,
1207 2068 1359 2154 singular

326 2175 452 2241 virtute
479 2175 598 2250 civem,
628 2181 663 2238 et
692 2194 818 2237 annum
850 2174 1020 2260 integrum
1050 2173 1092 2238 ad
1122 2172 1359 2238 dilacerandae

325 2301 395 2344 rem
419 2279 586 2364 publicam
610 2284 797 2363 quaereret,
821 2277 934 2342 subito
958 2277 1098 2362 reliquit
1120 2298 1251 2342 annum
1275 2297 1359 2358 suun

327 2405 468 2466 seseque
490 2383 525 2445 in
555 2403 682 2446 annum
712 2383 902 2467 proximum
935 2382 1113 2446 transtulit
1142 2403 1221 2459 non,
1255 2388 1297 2445 ut
1328 2380 1359 2452 fit

272 2487 484 2572 rereligione
514 2486 638 2570 aliqua,
670 2485 729 2550 sed
760 2493 801 2550 ut
827 2485 974 2562 haberet,
1006 2485 1099 2571 quod
1128 2487 1199 2571 ipse
1228 2485 1359 2570 dicebat

324 2590 366 2654 ad
393 2597 583 2674 praeturam
608 2589 799 2675 gerendam,
827 2589 890 2654 hoc
914 2597 967 2655 est
991 2589 1034 2654 ad
1061 2590 1282 2656 evertendam
1304 2607 1359 2664 req

272 2697 311 2760 25
323 2694 501 2778 publicam,
520 2694 658 2778 plenum
675 2715 801 2758 annum
817 2702 919 2779 atque
936 2695 1116 2781 integrum.
1164 2692 1359 2760 Occurrebat

324 2799 355 2862 ei
379 2821 529 2863 mancam
551 2820 588 2862 ac
615 2798 761 2863 debilem
786 2806 977 2883 praeturam
1004 2798 1153 2864 futuram
1176 2821 1274 2864 suam
1299 2817 1359 2861 con

324 2903 396 2967 sule
412 2903 572 2978 ‘Milone3
595 2924 672 2967 eum
696 2924 794 2987 porro
824 2925 954 2966 summo
977 2924 1142 2970 consensu
1164 2904 1284 2989 populi
1310 2902 1359 2964 Ro-

271 3021 300 3066 as
323 3008 412 3070 mani
442 3007 613 3072 consulem
643 3007 714 3071 fieri
746 3005 891 3072 videbat.
948 3005 1105 3072 Contulit
1142 3009 1177 3072 se
1216 3007 1259 3072 ad
1297 3006 1359 3069 eius

323 3111 557 3194 conpetitores,
585 3110 645 3175 sed
672 3111 730 3187 ita,
760 3117 865 3174 totam
894 3118 933 3175 ut
955 3111 1154 3195 petitionem
1178 3112 1250 3196 ipse
1277 3108 1359 3173 solus

323 3216 424 3280 etiam
447 3215 563 3280 invitis
586 3215 655 3278 illis
678 3213 891 3300 gubernaret,
908 3222 979 3281 tota
1003 3222 1044 3280 ut
1068 3216 1204 3280 comitia
1230 3214 1311 3288 suis,
1328 3215 1359 3272 ut

323 3318 509 3395 dictitabat,
540 3319 664 3383 umeris
694 3319 887 3384 sustineret.
946 3318 1162 3384 Convocabat
1191 3320 1308 3393 tribus,
1330 3334 1359 3377 se

323 3423 564 3508 interponebat,
582 3422 749 3488 Collinam
770 3445 892 3488 novam
916 3423 1044 3489 dilectu
1067 3423 1359 3509 perditissimorum

180 3606 183 3610 ι
270 3542 300 3587 ao
321 3529 446 3592 civium
461 3527 697 3593 conscribebat.
745 3525 882 3606 Quanto
898 3529 955 3592 ille
972 3528 1069 3612 plura
1085 3529 1255 3604 miscebat,
1272 3528 1359 3590 tanto

324 3631 377 3696 hic
401 3633 507 3718 magis
531 3633 566 3696 in
591 3631 662 3696 dies
688 3631 952 3696 convalescebat.
999 3632 1066 3696 Ubi
1091 3633 1180 3698 vidit
1203 3634 1297 3696 homo
1319 3623 1356 3688 ad

323 3758 420 3801 omne
451 3737 582 3802 facinus
612 3736 842 3820 paratissimus
874 3734 1097 3800 fortissimum
1123 3738 1234 3802 virum
1260 3729 1356 3798 inimi-

324 3841 493 3905 cissimum
509 3860 608 3904 suum
630 3840 854 3904 certissimum
877 3840 1049 3905 consulem
1072 3840 1174 3928 idque
1198 3832 1353 3905 intellexit
