2800 4367
453 382 534 433 cnr.
561 384 648 443 ron,
672 383 686 444 s
710 381 797 434 4247.
1137 363 1200 428 195

103 580 159 622 rne
179 565 358 622 vestrarum
383 554 500 619 sedum
525 554 795 638 templorumque
812 573 922 627 causa,
941 573 991 616 rnc
1016 559 1151 634 propter
1187 567 1202 612 o

102 662 245 725 salutem
274 682 424 724 meorum
449 660 585 734 civium,
602 679 687 742 quae
715 656 797 719 mihi
824 678 955 740 semper
982 653 1049 718 fuit
1077 677 1150 719 mea

105 767 211 828 carior
226 766 305 840 vita,
322 764 573 828 dimicationem
596 761 799 845 caedemque
817 758 955 847 fugisse.
1003 759 1147 835 Etenim,

103 871 129 931 si
151 869 229 931 mihi
245 870 278 931 in
295 868 410 953 aliqua
425 889 509 933 nave
532 888 609 932 curn
633 868 715 930 meis
739 865 853 928 amicis
878 863 1052 948 naviganti
1075 861 1147 938 hoc,

105 973 240 1048 iudices,
257 971 444 1047 accidisset,
462 979 502 1035 ut
525 971 623 1035 multi
647 992 689 1035 ex
716 969 833 1032 multis
861 968 942 1031 locis
966 965 1148 1051 praedones

104 1077 263 1140 classibus
280 1098 353 1140 eam
378 1099 496 1140 navem
520 1099 554 1140 se
580 1094 797 1159 oppressuros
822 1072 1068 1147 minitarentur,
1086 1071 1149 1135 nisi
1173 1087 1202 1132 10

106 1203 157 1244 me
185 1202 286 1243 unum
315 1180 379 1244 sibi
406 1179 623 1254 dedidissent,
640 1179 668 1242 si
693 1177 726 1240 id
752 1185 901 1241 vectores
925 1184 1089 1261 negarent
1111 1197 1148 1240 ae

106 1307 233 1348 mecum
249 1286 352 1348 simul
376 1285 511 1349 interire
529 1305 629 1368 quam
654 1304 706 1346 me
736 1281 864 1346 tradere
892 1281 1045 1345 hostibus
1073 1281 1150 1344 mal-

106 1390 186 1462 lent,
203 1389 352 1453 iecissem
369 1390 440 1472 ipse
458 1409 509 1453 me
529 1389 640 1473 potius
664 1388 699 1449 in
725 1385 941 1470 profundum,
958 1393 998 1448 ut
1021 1393 1149 1449 ceteros

34 1576 35 1585 ἵ
105 1515 343 1579 conservarem,
361 1514 461 1578 quam
479 1492 555 1557 illos
571 1493 636 1556 mei
653 1499 720 1555 tam
739 1490 878 1575 cupidos
903 1511 968 1554 non
991 1489 1089 1552 modo
1105 1489 1148 1552 ad

106 1606 228 1661 certam
244 1606 396 1674 mortem,
408 1597 467 1662 sed
484 1597 519 1660 in
536 1617 695 1683 magnum
709 1596 797 1660 vitae
815 1595 993 1658 discrimen
1011 1593 1152 1658 adduce·
1175 1609 1203 1654 15

34 1752 35 1755 ,
105 1723 183 1765 renr.
229 1701 315 1765 Cum
342 1722 419 1766 vero
443 1702 478 1764 in
502 1701 587 1764 hanc
615 1702 661 1765 rei
691 1698 845 1784 publicae
877 1719 994 1762 navem
1027 1698 1149 1782 ereptis
1163 1699 1203 1762 46

106 1807 233 1869 senatui
262 1805 499 1892 gubernaculis
526 1803 715 1869 fluitantem
739 1805 773 1866 in
797 1804 865 1867 alto
894 1801 1149 1886 tempestatibus

34 1944 35 1995 5
106 1908 308 1973 seditionum
324 1931 362 1973 ac
378 1908 619 1973 discordiarum
635 1915 780 1972 armatae
798 1915 848 1971 tot
864 1908 994 1980 classes
1009 1907 1071 1969 nisi
1088 1927 1150 1990 ego

33 2042 34 2077 ἢ
106 2034 210 2077 essem
238 2035 325 2077 unus
353 2011 497 2089 deditus,
523 2015 716 2078 incursurae
747 2012 951 2086 viderentur,
976 2033 1052 2074 curn
1080 2031 1151 2094 pro·

33 2182 34 2201 ,
107 2118 249 2202 scriptio,
274 2117 402 2194 caedes
428 2098 571 2202 direptio
604 2117 869 2192 denuntiaretur,
903 2137 979 2179 cum
1011 2115 1067 2178 alii
1099 2135 1150 2178 me
1175 2130 1204 2175 ao

33 2229 34 2305 f
106 2223 291 2307 suspicione
309 2222 450 2307 periculi
466 2222 518 2287 sui
536 2244 602 2285 non
620 2220 851 2295 defenderent,
869 2221 926 2284 alii
944 2226 1056 2284 vetere
1074 2217 1150 2282 odio

108 2323 267 2390 bonorum
292 2327 523 2402 incitarentur,
540 2326 598 2389 alii
628 2324 828 2400 inviderent,
845 2324 903 2387 alii
930 2321 1059 2386 obstare
1086 2321 1149 2385 sibi

33 2468 34 2473 κ
81 2451 155 2494 ·1ne
181 2431 433 2507 arbitrarentur,
461 2430 519 2494 alii
547 2429 664 2494 ulcisci
696 2428 845 2492 dolorem
872 2427 1020 2512 aliquem
1051 2447 1149 2490 suum

109 2534 240 2610 vellent,
257 2535 316 2597 alii
332 2556 401 2599 rem
425 2536 530 2619 ipsam
555 2533 723 2618 publicam
746 2541 848 2617 atque
872 2530 961 2594 hunc
990 2530 1151 2594 bonorum

107 2645 230 2702 statum
245 2639 421 2723 otiumque
438 2637 587 2702 odissent
599 2645 634 2702 et
645 2636 687 2701 ob
700 2635 797 2700 hasce
814 2657 931 2700 causas
949 2642 1001 2700 tot
1018 2643 1152 2720 tamque
1175 2649 1205 2696 aa

109 2743 211 2806 varias
234 2765 286 2806 me
312 2763 417 2805 uuum
441 2741 669 2827 deposcerent,
687 2740 914 2826 depugnarem
938 2740 1050 2823 potius
1074 2761 1150 2803 cum

109 2866 233 2910 summo
250 2868 319 2909 non
346 2845 453 2910 dicam
479 2847 601 2922 exitio,
610 2846 670 2911 sed
693 2846 843 2930 periculo
867 2851 956 2908 certe
982 2850 1094 2908 vestro
1116 2842 1154 2904 li·

110 2946 327 3034 berorumque
345 2958 533 3014 vestrorum
549 2971 650 3035 quam
667 2949 712 3025 id,
725 2947 817 3034 quod
828 2947 983 3012 omnibus
997 2945 1154 3030 inpende-

111 3049 172 3146 bat,
189 3075 278 3117 unus
293 3075 353 3137 pro
369 3054 523 3118 omnibus
539 3055 746 3139 susciperem
761 3075 799 3137 ac
815 3051 986 3117 subirem?
1124 3119 1128 3126 ,

150 3173 226 3219 xxr.
260 3156 376 3221 ‘Victi
399 3167 510 3223 essent
533 3158 696 3244 improbi.’
744 3159 794 3223 At
809 3159 909 3233 cives,
926 3165 961 3220 at
977 3155 1018 3219 ab
1033 3177 1071 3218 eo
1092 3154 1155 3240 pri·
1166 3156 1205 3220 47

112 3268 184 3325 rato
198 3269 336 3338 armate,
353 3261 501 3346 quisine
518 3265 617 3327 annis
634 3264 734 3328 etiam
752 3262 870 3328 consul
892 3282 961 3325 rem
985 3258 1152 3343 publicam

113 3373 327 3431 conservarat.
375 3364 435 3430 Sin
459 3367 539 3431 victi
568 3375 681 3432 essent
712 3367 799 3442 boni,
824 3367 883 3451 qui
914 3361 1154 3449 superessent?

114 3487 216 3533 nonne
233 3469 276 3533 ad
291 3491 405 3535 servos
423 3470 544 3535 videtis
562 3493 632 3535 rem
649 3471 817 3557 publicam
830 3477 1008 3535 venturam
1024 3465 1152 3530 fuisse?

114 3571 165 3635 An
181 3573 261 3636 mihi
277 3575 351 3658 ipsi,
368 3582 409 3638 ut
424 3575 561 3659 quidam
578 3583 710 3660 putant,
729 3575 796 3639 fuit
812 3597 899 3638 mors
916 3593 1024 3658 aequo
1045 3570 1155 3634 animo
1193 3583 1208 3629 a

115 3677 320 3761 oppetenda?
375 3678 467 3757 Quid
496 3681 592 3743 tum?
630 3687 814 3744 mortemne
848 3675 1042 3764 fugiebam?
1098 3672 1154 3736 An

115 3788 179 3845 erat
193 3804 245 3846 res
264 3783 343 3857 ulla,
361 3805 462 3867 quam
480 3784 562 3846 mihi
579 3785 685 3869 magis
703 3783 883 3868 optandam
901 3779 1079 3865 putarem?
1097 3783 1157 3842 aut

117 3903 171 3969 ego
195 3886 268 3950 illas
292 3907 344 3951 res
367 3893 480 3952 tantas
504 3889 538 3951 in
565 3896 658 3952 tanta
683 3887 910 3973 improborum
936 3881 1155 3947 multitudino
