2800 4367
202 347 267 414 158
540 357 747 408 rrrsroaan
769 358 966 408 suprema.

254 532 329 616 quis
345 529 432 594 forte
447 527 578 605 fuisset,
591 529 651 613 qui
666 535 847 594 contentus
865 529 988 593 nostris
1005 529 1098 594 malis
1113 551 1170 593 non
1187 538 1289 595 essct.

202 653 217 696 s
254 635 373 719 ltaque
390 655 466 698 eum
484 633 587 696 malui
602 654 778 718 properare
791 633 930 697 Romam
945 627 1047 718 qu'am
1058 633 1155 699 adme
1166 635 1291 712 venire,

254 747 290 804 et
303 739 457 802 simul-
467 737 575 801 dicam
592 738 694 813 enim,
711 736 803 822 quod
820 759 937 802 verum
954 745 1016 814 est,
1033 759 1076 802 ex
1092 760 1155 823 quo
1169 741 1294 825 magni-

254 842 405 908 tudinem
414 842 620 906 miseriarum
629 862 778 906 mearum
787 843 972 928 perspicere
979 843 1294 927 possis-animum

253 947 411 1013 inducere
421 968 488 1010 non
501 947 607 1031 potui,
625 955 665 1011 ut
676 954 736 1011 aut
748 947 844 1010 illum
858 948 1123 1011 amantissimum
1136 949 1206 1022 mei,
1216 949 1298 1012 mol-

253 1053 380 1116 lissimo
392 1054 503 1115 animo
517 1060 611 1115 tanto
623 1052 659 1113 in
670 1073 817 1116 maerore
829 1052 1010 1136 aspicerem
1027 1059 1087 1115 aut
1102 1073 1186 1116 meas
1201 1054 1300 1116 mise-

203 1173 231 1219 10
253 1159 318 1221 rias
330 1158 426 1222 luctu
442 1156 582 1221 afflictas
598 1163 634 1221 et
648 1155 811 1241 perditam
823 1155 994 1221 fortunam
1004 1157 1054 1219 illi
1071 1155 1222 1221 offerrem
1240 1166 1300 1220 aut

254 1261 368 1326 abillo
382 1262 484 1345 aspici
499 1269 639 1345 paterer.
675 1262 791 1344 Atque
804 1247 904 1324 etiam
921 1259 1008 1324 illud
1023 1260 1188 1337 timebam,
1205 1261 1302 1345 quod

254 1367 404 1453 proiecto
419 1365 604 1441 accidisset,
622 1386 663 1429 ne
679 1387 699 1428 a
715 1387 767 1429 me
784 1363 912 1450 digredi
941 1386 1005 1428 non
1032 1373 1166 1449 posset·
1190 1387 1300 1430 versa-

253 1472 353 1536 batur
383 1469 464 1533 mibi
498 1479 631 1553 tempus
665 1468 753 1532 illud
791 1477 868 1534 ante
897 1469 1022 1546 oculos,
1050 1491 1128 1533 cum
1155 1471 1224 1535 ille·
1242 1481 1303 1534 aut

200 1632 205 1641 .
255 1578 390 1642 lictores
406 1576 592 1641 dimitteret
606 1584 667 1638 aut
683 1577 716 1638 vi
730 1577 933 1640 avelleretur
948 1596 990 1639 ex
1007 1575 1185 1659 complexu
1202 1597 1299 1648 meo;

204 1698 232 1741 15
254 1683 354 1746 huius
370 1681 559 1746 acerbitatis
575 1688 736 1744 eventum
752 1681 858 1744 altera
873 1679 1052 1744 acerbitate
1078 1700 1146 1742 non
1162 1678 1301 1744 videndi

255 1786 367 1851 fratris
383 1788 501 1851 vitavi.
548 1786 587 1849 ln
604 1786 694 1850 hunc
711 1807 763 1849 me
779 1807 893 1849 casum
910 1806 970 1849 vos
987 1783 1123 1849 vivendi
1147 1791 1302 1848 auctores

214 1897 235 1959 2
256 1894 456 1978 impulistis;
475 1894 588 1978 itaque
605 1894 670 1956 mei
685 1893 811 1976 peccati
831 1891 888 1953 luo
904 1911 1038 1974 poenas·
1086 1889 1302 1974 Quamquam

255 2021 307 2063 me
324 2006 402 2062 tuae
417 2000 549 2062 litterae
565 2005 769 2072 sustentant,
783 2018 824 2060 ex
842 1995 974 2080 quibua,
988 2002 1156 2080 quantum
1173 2002 1211 2057 tu
1230 1995 1301 2078 ipse

256 2126 376 2188 speres,
405 2104 502 2168 facile
529 2104 713 2188 perspici03
749 2124 834 2187 quae
863 2101 999 2187 quidem
1027 2110 1138 2165 tamen
1166 2099 1298 2185 aliquid

204 2223 234 2268 20
255 2210 422 2275 habebant
431 2210 551 2284 solatii,
565 2218 745 2292 antequam
761 2229 800 2272 eo
813 2208 935 2272 venisti
949 2229 969 2270 a
980 2207 1160 2292 Pompeio:
1180 2218 1200 2246 “
1211 2227 1303 2270 nunc

254 2315 474 2382 Hortensium
504 2315 600 2378 allice
632 2326 667 2379 et
699 2313 862 2378 eiusmodi
895 2313 1015 2378 viros.”
1063 2313 1224 2391 Obsecro,
1259 2313 1302 2376 mi

255 2420 430 2504 Pomponi,
447 2418 596 2483 nondum
613 2421 782 2504 perspicia,
800 2440 945 2503 quorum
968 2441 1076 2504 opera,
1094 2441 1242 2504 quorum
1259 2420 1305 2481 in-

254 2527 358 2604 sidiis,
384 2549 527 2612 quorum
557 2527 680 2591 scelere
713 2525 936 2610 perierimus?
984 2523 1050 2588 Sed
1078 2533 1192 2589 tecum
1221 2525 1302 2588 baec

255 2633 367 2695 omnia
383 2654 493 2696 coram
510 2653 647 2717 agemus
661 2655 669 2705 3
687 2639 820 2694 tantum
837 2630 921 2702 dico,
939 2629 1032 2714 quod
1047 2632 1131 2694 scire
1148 2637 1182 2694 te
1196 2637 1302 2714 puto:

193 2748 233 2806 ,aa
255 2757 315 2800 nos
331 2758 399 2800 non
422 2737 556 2812 inimici,
574 2735 633 2800 sed
661 2734 768 2800 invidi
796 2733 1024 2819 perdiderunt.
1072 2733 1183 2810 Nunc,
1200 2736 1230 2799 si
1256 2734 1305 2796 ita
1367 2753 1368 2792 1

256 2844 346 2913 sunt,
364 2860 448 2923 quae
464 2860 585 2922 speraS,
603 2837 844 2901 sustinebimus
867 2857 926 2900 nos
954 2845 989 2900 et
1015 2859 1084 2920 spe,
1102 2857 1169 2920 qua
1197 2836 1303 2909 iubes
1367 2865 1368 2874 ¹

256 2943 402 3006 nitemur
414 2967 422 3016 ;
446 2943 508 3018 sin,
526 2950 566 3006 ut
589 2942 670 3004 mihi
687 2941 855 3016 videntur,
872 2941 1003 3004 infirma
1026 2947 1115 3015 sunt,
1134 2939 1228 3024 quod
1252 2961 1305 3022 op
1367 2953 1368 2988 ³

213 3049 233 3110 3
256 3048 337 3110 timo
353 3054 501 3129 tempore
517 3045 626 3111 facere
642 3068 710 3110 non
726 3031 959 3121 licuit,'minus
984 3043 1103 3108 idoneo
1126 3044 1194 3108 fiet.
1245 3043 1304 3106 Te·

258 3150 364 3214 rentia
380 3149 441 3214 tibi
451 3171 547 3234 saepe
558 3153 629 3236 agit
644 3151 777 3237 gratias.
824 3149 910 3211 Mihi
923 3149 1023 3212 etiam
1036 3169 1142 3211 unum
1152 3147 1194 3212 de
1207 3147 1310 3212 malis
1367 3139 1368 3164 ³

205 3268 234 3314 30
255 3254 290 3316 in
312 3260 403 3317 metu
423 3262 483 3329 cst,
500 3253 612 3318 fratris
628 3254 739 3317 miseri
766 3253 950 3339 negotium,
967 3251 1057 3336 quod
1080 3253 1109 3316 si
1132 3253 1237 3316 sciam
1252 3271 1303 3315 cu·

256 3356 400 3421 iu'smodi
424 3357 477 3432 sit,
495 3358 605 3432 sciam,
623 3357 703 3441 quid
731 3355 897 3442 agendum
920 3355 1002 3418 mihi
1026 3356 1080 3419 sit.
1127 3355 1184 3419 Me
1201 3356 1300 3420 etiam

256 3483 347 3526 nunc
364 3461 504 3525 istorum
520 3460 755 3525 beneficiorum
772 3469 807 3525 et
821 3461 1010 3524 litterarum
1027 3461 1247 3543 exspectatio,
1264 3464 1301 3522 ut

236 3569 239 3574 ’
257 3565 319 3630 tibi
334 3567 454 3649 placet,
473 3565 727 3628 Thessalonicae
745 3571 858 3629 tenet:
884 3565 913 3627 si
929 3563 1013 3649 quid
1029 3565 1094 3628 erit
1118 3565 1197 3627 novi
1227 3563 1301 3628 alla-

257 3677 340 3741 tum,
368 3671 480 3745 sciam,
498 3668 538 3732 de
566 3669 695 3752 reliquo
723 3667 806 3753 quid
832 3668 1001 3754 agendum
1028 3668 1081 3731 sit.
1128 3667 1182 3730 Tu
1208 3669 1248 3741 si,
1265 3671 1300 3728 ut
1367 3659 1368 3700 1

205 3785 235 3830 35
256 3770 382 3846 scribis
400 3771 475 3834 Kal.
494 3770 600 3833 Iuniis
630 3769 734 3832 Roma
759 3768 929 3852 profectus
957 3789 1001 3844 es,
1020 3767 1215 3851 propediem
1243 3785 1299 3829 nos
1367 3757 1368 3800 3

257 3874 396 3938 videbis.
444 3868 598 3944 Litterae,
616 3895 699 3954 quas
717 3871 759 3934 ad
776 3871 973 3954 Pompeium
994 3871 1120 3957 scripsi,
1137 3870 1199 3934 tibi
1218 3868 1296 3934 misi.
1367 3859 1368 3930 i

258 3977 348 4040 Data
363 3974 413 4038 Id.
431 3975 506 4037 Iun.
525 3973 791 4035 Thessalonicae.
