2800 4367
200 301 263 368 220
548 313 621 364 rao
643 312 674 364 Ρ.
698 311 826 364 snsrro
848 309 997 363 onnrro.

199 503 228 550 1⁰
249 489 348 552 aliter
368 494 458 553 stare
474 488 688 571 possemus);
712 492 793 549 sunt
811 485 979 569 principes
1005 483 1134 548 consilii
1165 480 1325 566 publici,
1365 497 1366 536 ὲ

252 599 343 669 sunt,
366 593 426 676 qui
450 613 566 656 eorum
591 596 717 654 sectam
740 597 942 672 sequuntur,
967 595 1049 653 sunt
1075 587 1326 650 maximorum

253 696 408 760 ordinum
424 696 585 772 homines,
602 693 727 779 quibus
743 701 837 779 patet
852 694 955 769 curia,
972 700 1054 757 sunt
1077 689 1325 774 municipales
1365 775 1366 778 Ἴ

251 801 436 885 rusticique
463 800 615 876 Romani,
640 806 722 863 sunt
748 799 875 883 negotii
900 805 1067 882 gerentes,
1092 803 1184 860 sunt
1211 795 1325 858 etiam

250 905 398 969 libertini
424 911 624 989 optumates.
670 903 850 978 Numerus
874 909 913 964 ut
937 900 1019 977 dixi,
1045 900 1147 964 huius
1171 899 1326 985 generis

199 1024 226 1067 15
250 1009 317 1072 late
349 1016 384 1072 et
413 1009 504 1072 varie
535 1005 681 1072 diffusus
709 1015 776 1081 est3
800 1005 859 1070 sed
886 1027 994 1092 genus
1022 1005 1250 1078 universum,
1282 1008 1327 1064 ut
1365 1017 1366 1020 ’

251 1112 392 1175 tollatur
429 1133 528 1186 error,
559 1111 652 1176 brevi
683 1109 910 1175 circumscribi
941 1117 977 1174 et
1007 1107 1138 1173 definiri
1183 1113 1323 1192 potest.
1352 1115 1366 1196 J

252 1215 379 1280 Omnes
395 1222 585 1299 optumates
607 1222 699 1289 sunt,
726 1215 785 1298 qui
811 1234 921 1297 neque
947 1219 1106 1276 nocentes
1131 1217 1229 1276 sunt
1257 1230 1324 1273 nec

251 1327 372 1383 natura
405 1319 535 1403 inprobi
567 1340 628 1383 nec
659 1317 777 1382 furiosi
810 1339 871 1381 nec
904 1317 999 1381 malis
1029 1315 1236 1380 domesticis
1272 1315 1323 1377 in-

250 1422 366 1507 pediti.
413 1423 477 1487 Est
498 1424 613 1508 igitur,
631 1429 673 1486 ut
693 1422 717 1484 ii
741 1422 819 1497 sint,
838 1443 938 1505 quam
956 1428 994 1484 tu
1018 1418 1244 1484 ‘nationem’
1262 1439 1322 1502 ap·
1365 1469 1366 1490 2

198 1541 227 1585 ao
249 1528 392 1611 pellasti,
417 1529 476 1611 qui
500 1535 535 1591 et
557 1528 679 1612 integri
704 1534 786 1590 sunt
809 1533 844 1590 et
869 1527 941 1589 sani
969 1531 1004 1590 et
1026 1524 1111 1590 bene
1134 1523 1180 1588 de
1209 1522 1319 1586 rebus

250 1629 441 1695 domesticis
466 1632 654 1695 constituti.
701 1630 833 1694 Horum
865 1631 924 1714 qui
952 1629 1131 1705 voluntati,
1158 1648 1315 1692 commc—
1365 1653 1366 1674 ³

250 1733 312 1810 dis,
345 1734 463 1819 opibus
494 1736 529 1797 in
560 1733 779 1820 gubernanda
810 1755 844 1798 re
876 1733 1010 1818 publica
1041 1733 1214 1808 serviunt,
1259 1729 1314 1794 de·
1365 1727 1366 1798 i

252 1837 401 1902 iensores
435 1838 661 1921 optumatium
702 1838 833 1921 ipsique
874 1844 1064 1922 optumates
1108 1834 1313 1922 gravissimi
1365 1825 1366 1898 l

253 1949 287 2004 et
313 1942 487 2005 clarissimi
518 1943 609 2005 cives
636 1949 857 2006 numerantur
883 1949 918 2006 ct
945 1941 1112 2026 principes
1139 1939 1313 2005 civitatis.

198 2042 237 2105 98
254 2043 347 2123 Quid
371 2053 424 2110 est
453 2047 560 2130 igitur
590 2046 798 2130 propositum
832 2045 884 2110 his
914 2047 962 2111 rei
995 2044 1148 2130 publicae
1182 2043 1312 2131 guber·
1365 2039 1366 2114 l

197 2164 227 2208 aa
249 2148 431 2226 nator-ibus,
449 2149 541 2234 quod
564 2151 689 2215 intueri
707 2158 742 2215 et
764 2172 832 2235 quo
858 2171 993 2213 cursum
1021 2171 1120 2214 suum
1148 2149 1312 2235 derigere

250 2253 417 2317 debeant?
463 2252 503 2316 Id
533 2254 624 2338 quod
651 2262 703 2318 est
731 2255 1055 2339 praestantissimum
1085 2255 1308 2336 maximeque

250 2356 397 2440 optabile
419 2357 572 2420 omnibus
600 2359 689 2422 sanis
713 2367 748 2422 et
771 2358 865 2422 bonis
890 2367 925 2422 et
947 2358 1064 2435 beatis,
1090 2380 1166 2423 cum
1194 2355 1310 2442 digni·

251 2470 320 2524 tate
345 2461 461 2524 otium.
510 2460 584 2524 Hoc
608 2463 666 2546 qui
695 2462 825 2537 volunt,
858 2483 971 2526 omnes
1004 2470 1207 2547 optumates
1245 2457 1306 2543 qui

198 2580 228 2624 ao
253 2565 412 2640 efficiunt,
436 2566 559 2628 summi
585 2566 704 2628 viriet
730 2574 978 2631 conservatores
1005 2567 1151 2631 civitatis
1181 2571 1307 2650 putan·
1365 2565 1366 2654 q

253 2677 318 2733 tur.
365 2668 483 2752 Neque
501 2668 589 2731 enim
602 2689 713 2732 rerum
726 2670 948 2756 gerendarum
965 2670 1129 2755 dignitate
1145 2669 1302 2734 homines
1365 2661 1366 2730 l

251 2771 369 2838 ecferri
397 2772 444 2835 ita
470 2773 639 2848 convenit,
671 2781 711 2836 ut
742 2775 810 2837 otio
843 2796 909 2838 non
940 2775 1154 2859 prospiciant,
1187 2791 1303 2856 neque

251 2876 359 2940 ullum
383 2876 564 2958 amplexari
596 2877 713 2952 otium,
743 2877 833 2963 quod
865 2878 1040 2942 abhorreat
1070 2899 1089 2942 a
1119 2877 1300 2963 dignitate.

251 2995 351 3041 xcvi.
377 2975 490 3039 Huius
505 2984 619 3040 autem
636 2978 761 3041 otiosae
780 2977 956 3064 dignitatis
972 2979 1052 3044 haec
1076 2976 1301 3042 fundamenta
1365 3007 1366 3050 ,

251 3088 342 3155 sunt,
365 3080 445 3144 haec
476 3081 632 3155 membra,
663 3103 749 3166 quae
782 3082 909 3145 tuenda
939 3082 1146 3167 principibus
1178 3090 1215 3147 et
1245 3077 1298 3144 vel

251 3185 369 3268 capitis
392 3185 542 3267 periculo
570 3184 783 3250 defendenda
807 3193 898 3262 sunt,
924 3187 1112 3273 religiones,
1138 3183 1296 3270 auspicia,
1338 3201 1366 3235 π

251 3295 433 3373 potestates
450 3290 720 3375 magistratuum,
738 3298 874 3354 senatus
891 3292 1082 3367 auctoritas,
1099 3291 1202 3376 leges,
1227 3306 1296 3350 mos

211 3393 422 3467 smaiorum,
447 3391 583 3469 iudicia,
608 3395 691 3458 iuris
718 3393 830 3471 dictio,
856 3393 948 3470 fides,
975 3395 1176 3479 provinciae,
1205 3389 1293 3463 socii,
1365 3399 1366 3474 j

197 3496 381 3580 99imperii
411 3497 497 3574 laus,
525 3519 577 3562 res
608 3498 772 3573 militaris,
804 3500 979 3564 aerarium.
1026 3498 1157 3562 Harum
1185 3513 1292 3563 rerum
1365 3487 1366 3510 ³

250 3607 302 3664 tot
331 3607 434 3685 atque
475 3608 646 3665 tantarum
688 3623 760 3666 csse
799 3602 1007 3668 defensorem
1046 3610 1081 3668 et
1117 3608 1290 3686 patronum

251 3706 365 3791 magni
410 3705 513 3769 animi
553 3713 613 3780 est,
653 3707 766 3791 magni
805 3707 932 3793 ingenii
972 3728 1181 3793 magnaeque
1223 3722 1292 3770 con·

249 3809 405 3872 stantiae.
466 3809 601 3872 Etenim
639 3809 675 3870 in
714 3816 809 3872 tanto
847 3811 972 3874 civium
1005 3832 1145 3876 numero
1176 3824 1291 3894 magna
1365 3847 1366 3896 q

1365 3899 1366 3942 i

1365 3955 1366 3990 l

1365 4001 1366 4032 l

1365 4035 1366 4078 l

1365 4085 1366 4134 l
