2800 4367
179 351 222 416 34
499 362 572 415 ruo
591 363 622 413 1.
647 362 808 413 uunuun
830 330 1000 414 omno(

230 543 302 600 tum
329 542 389 611 est,
415 534 443 597 si
470 556 547 599 vere
574 532 729 611 obicitur,
754 533 963 599 vehementis
987 536 1199 613 accusatoris,
1225 535 1282 599 sin
1360 603 1369 619 ⁸

231 639 326 709 falso,
345 636 498 702 maledici
515 639 760 703 conviciatoris.
799 636 921 717 Quare,
934 659 1012 703 cum
1026 639 1092 703 ista
1106 640 1151 703 sis
1167 647 1285 704 aucto

230 745 339 817 ritate,
356 764 423 805 non
440 740 550 818 debes,
569 741 692 819 Marce,
709 742 854 826 arripere
874 741 1090 806 maledictum
1112 765 1154 808 ex
1177 744 1283 810 trivio

192 864 207 908 a
230 855 291 911 aut
305 868 347 911 ex
367 867 557 911 scurrarum
579 846 694 930 aliquo
715 846 868 911 convicio
887 867 999 930 neque
1020 854 1145 912 temere
1163 868 1285 911 cousu-

230 952 297 1016 lem
321 951 438 1035 populi
466 950 607 1013 Romani
633 950 826 1014 saltatorem
851 971 980 1026 vocare,
1004 949 1065 1014 sed
1091 951 1286 1035 circumspi-

231 1076 315 1131 cere,
332 1054 455 1140 quibus
474 1060 647 1139 praeterea
670 1053 764 1118 vitiis
785 1052 958 1117 adfectum
981 1076 1054 1119 esse
1074 1076 1208 1119 necesse
1235 1056 1285 1119 sit

230 1182 318 1234 eum,
333 1160 388 1223 cui
404 1180 481 1223 vere
498 1156 590 1222 istud
608 1155 693 1220 obici
709 1158 825 1241 possit.
865 1156 972 1221 Nemo
987 1160 1077 1223 enirn
1093 1157 1162 1224 fere
1178 1159 1285 1223 saltat

231 1263 372 1340 sobrius,
396 1263 462 1326 nisi
488 1261 574 1326 forte
600 1262 736 1336 insanit,
766 1282 876 1345 neque
901 1262 937 1324 in
961 1262 1143 1329 solitudine
1168 1285 1282 1349 neque

183 1384 208 1427 ro
230 1370 265 1431 in
282 1364 623 1436 conviviomoderato
645 1371 749 1449 atque
774 1364 924 1429 honesto.
972 1366 1179 1451 Tempestivi
1204 1390 1271 1433 con

230 1472 323 1547 vivii,
339 1470 470 1535 amoeni
494 1469 569 1547 loci,
594 1470 778 1532 multarum
808 1468 1002 1533 deliciarum
1018 1492 1128 1535 comes
1151 1479 1204 1535 est
1224 1494 1272 1539 er-

231 1584 337 1640 trema
352 1575 496 1639 saltatio.
544 1574 598 1637 Tu
622 1573 705 1636 mihi
729 1574 846 1657 arripis
870 1573 942 1649 hoc,
961 1572 1053 1657 quod
1068 1596 1202 1639 necesse
1225 1594 1282 1642 est

231 1680 380 1743 omnium
395 1679 555 1743 vitiorum
570 1700 641 1743 esse
658 1685 874 1762 postremum,
892 1678 1056 1761 relinquis
1073 1679 1142 1755 illa,
1157 1678 1282 1764 quibus

231 1784 367 1847 remotis
383 1781 445 1847 hoo
461 1784 583 1847 vitium
610 1780 746 1847 omnino
770 1804 842 1846 esse
866 1804 933 1845 uon
958 1782 1095 1867 potest?
1139 1781 1282 1847 Nullum

181 1904 208 1947 15
231 1895 329 1971 turpe
346 1886 548 1962 convivium,
565 1908 633 1950 non
650 1908 751 1963 amor,
768 1909 835 1949 non
857 1887 1057 1962 comissatio,
1075 1908 1143 1950 non
1165 1886 1281 1964 libido,

231 2012 299 2055 non
324 1997 478 2075 sumptus
505 1991 705 2068 ostenditur,
731 1998 775 2066 et,
803 2012 880 2055 cum
905 2013 944 2055 ea
969 2012 1037 2054 uon
1060 1992 1280 2075 reperiantur,

232 2115 317 2179 quae
334 2094 518 2177 voluptatis
535 2115 655 2158 nomen
671 2094 806 2169 habent,
824 2116 1028 2179 quamquam
1045 2096 1166 2160 vitiosa
1188 2104 1279 2172 sunt,

231 2200 266 2260 in
298 2219 366 2282 quo
395 2198 501 2282 ipsam
532 2198 703 2261 luxuriam
740 2200 883 2283 reperire
923 2220 989 2262 nou
1030 2208 1151 2283 potes·
1167 2202 1202 2263 in
1240 2222 1305 2265 eo*

182 2305 218 2366 14
235 2311 268 2365 te
292 2300 442 2365 umbram
471 2301 626 2365 luxuriae
651 2310 863 2386 reperturum
886 2304 1012 2386 putas?
1057 2303 1151 2368 Nihil
1175 2306 1282 2391 igitur

180 2422 208 2466 ao
231 2408 265 2468 in
290 2406 396 2470 vitam
428 2404 465 2467 L.
491 2404 651 2469 Murenae
678 2405 744 2469 dici
760 2412 881 2489 potest,
905 2407 1000 2483 nihil,
1032 2409 1180 2493 inquam,
1213 2432 1281 2474 on1·=

230 2511 320 2584 nino,
337 2508 474 2572 iudices.
521 2508 574 2573 Sic
598 2531 617 2572 a
640 2532 691 2573 me
719 2511 836 2574 consul
862 2510 1058 2597 designatus
1075 2513 1279 2592 defenditur,

230 2620 270 2676 ut
285 2613 356 2677 eius
372 2613 465 2675 nulla
487 2612 589 2688 fraus,
608 2614 704 2675 nulla
728 2615 877 2690 avaritia,
902 2615 997 2679 nulla
1020 2617 1168 2700 perfidia,
1186 2620 1282 2682 nulla

230 2715 420 2791 crudelitas,
445 2717 577 2779 nullum
601 2717 757 2801 petulans
781 2717 910 2781 dictum
934 2720 969 2782 in
985 2722 1057 2785 vita
1080 2720 1280 2805 proferatur.

230 2821 323 2885 Bene
338 2819 457 2894 habet3
482 2821 568 2884 iacta
587 2827 669 2884 suut
684 2819 906 2886 fundamenta
930 2822 1146 2889 defensionis.
1193 2825 1282 2889 Non-

179 2940 208 2985 25
231 2924 312 2987 dum
343 2924 432 2987 enim
462 2925 583 2988 nostris
616 2924 784 3002 laudibus,
811 2927 934 3011 quibus
966 2936 1042 2991 utar
1071 2937 1197 3014 postea,
1222 2930 1282 2994 sed

231 3050 333 3113 prope
355 3028 567 3091 inimicorum
590 3028 800 3098 confessione
825 3032 935 3095 virum
958 3031 1084 3096 bonum
1107 3041 1209 3119 atque
1234 3036 1282 3097 in-

230 3140 364 3218 tegrum
386 3131 555 3197 hominem
575 3134 799 3199 defendimus.
847 3134 923 3213 Quo
940 3137 1125 3201 constituto
1148 3138 1282 3202 facilior

231 3243 283 3301 est
307 3236 389 3299 mihi
416 3235 527 3303 aditus
551 3238 592 3302 ad
617 3240 869 3305 contentionem
886 3238 1071 3325 dignitatis,
1094 3262 1180 3324 quae
1204 3264 1280 3325 pars

231 3339 335 3402 altera
350 3337 418 3403 fuit
434 3344 667 3408 accusationis.

173 3447 218 3531 ι15
277 3458 342 3505 VII.
367 3440 539 3508 Summam
556 3446 654 3509 video
677 3467 749 3509 esse
772 3446 808 3507 in
833 3452 876 3519 te,
894 3443 963 3507 Ser.
981 3444 1119 3526 Sulpici,
1137 3444 1279 3528 dignita-

230 3553 300 3612 tem
322 3549 465 3632 generis,
483 3550 697 3634 integritatis,
716 3548 901 3611 industriae
918 3554 1171 3630 oeterorumque
1188 3566 1279 3609 orna·

229 3658 419 3715 mentorum
442 3653 601 3727 omnium,
618 3650 741 3735 quibus
765 3650 889 3716 fretum
914 3649 956 3714 ad
979 3651 1174 3714 consulatus
1197 3650 1269 3735 peti·

230 3757 357 3820 tionem
381 3753 519 3842 adgredi
543 3776 604 3839 par
627 3761 688 3818 est.
735 3754 834 3821 Paria
858 3777 1023 3842 cognosco
1048 3778 1118 3821 csse
1149 3756 1215 3820 ista
1240 3756 1275 3818 in

193 3874 209 3919 5
230 3858 269 3921 L.
286 3858 440 3934 Murena,
461 3865 563 3942 atquc
586 3860 634 3922 ita
656 3861 758 3943 paria,
775 3867 816 3923 ut
837 3882 948 3945 neque
975 3862 1045 3947 ipse
1069 3860 1235 3949 dignitate
1258 3882 1278 3925 a
