<?xml version="1.0" encoding="UTF-8"?>
<!DOCTYPE html PUBLIC "-//W3C//DTD XHTML 1.0 Transitional//EN"
    "http://www.w3.org/TR/xhtml1/DTD/xhtml1-transitional.dtd">
<html xmlns="http://www.w3.org/1999/xhtml" xml:lang="en" lang="en">
 <head>
  <title>
</title>
<meta http-equiv="Content-Type" content="text/html;charset=utf-8" />
  <meta name='ocr-system' content='tesseract 3.04.00' />
  <meta name='ocr-capabilities' content='ocr_page ocr_carea ocr_par ocr_line ocrx_word'/>
</head>
<body>
  <div class='ocr_page' id='page_1' title='image "./selectedoration01cicegoog_0179.png"; bbox 0 0 2800 4367; ppageno 0'>
   <div class='ocr_carea' id='block_1_1' title="bbox 493 283 1211 353">
    <p class='ocr_par' dir='ltr' id='par_1_1' title="bbox 493 283 1211 353">
     <span class='ocr_line' id='line_1_1' title="bbox 493 283 1211 353; baseline 0.015 -14"><span class='ocrx_word' id='word_1_1' title='bbox 493 288 575 340; x_wconf 71' lang='lat' dir='ltr'>cnr.</span> <span class='ocrx_word' id='word_1_2' title='bbox 602 291 658 352; x_wconf 56' lang='lat' dir='ltr'>ms,</span> <span class='ocrx_word' id='word_1_3' title='bbox 683 293 698 353; x_wconf 70' lang='lat' dir='ltr'>s</span> <span class='ocrx_word' id='word_1_4' title='bbox 722 289 777 344; x_wconf 76' lang='lat' dir='ltr'>a-r.</span> <span class='ocrx_word' id='word_1_5' title='bbox 1149 283 1211 351; x_wconf 75' lang='lat'>177</span> 
     </span>
    </p>
   </div>
   <div class='ocr_carea' id='block_1_2' title="bbox 36 459 1227 3881">
    <p class='ocr_par' dir='ltr' id='par_1_2' title="bbox 81 459 1213 1276">
     <span class='ocr_line' id='line_1_2' title="bbox 81 459 1161 551; baseline 0.01 -30"><span class='ocrx_word' id='word_1_6' title='bbox 81 459 186 536; x_wconf 87' lang='lat' dir='ltr'>nihil,</span> <span class='ocrx_word' id='word_1_7' title='bbox 206 460 312 544; x_wconf 92' lang='lat' dir='ltr'>quod</span> <span class='ocrx_word' id='word_1_8' title='bbox 327 459 371 524; x_wconf 91' lang='lat' dir='ltr'>ad</span> <span class='ocrx_word' id='word_1_9' title='bbox 392 480 497 538; x_wconf 92' lang='lat' dir='ltr'>reum,</span> <span class='ocrx_word' id='word_1_10' title='bbox 513 460 610 538; x_wconf 85' lang='lat' dir='ltr'>nibil,</span> <span class='ocrx_word' id='word_1_11' title='bbox 627 460 719 548; x_wconf 92' lang='lat' dir='ltr'>quod</span> <span class='ocrx_word' id='word_1_12' title='bbox 741 461 784 526; x_wconf 88' lang='lat' dir='ltr'>ad</span> <span class='ocrx_word' id='word_1_13' title='bbox 807 484 876 528; x_wconf 91' lang='lat' dir='ltr'>rem</span> <span class='ocrx_word' id='word_1_14' title='bbox 899 463 1067 549; x_wconf 84' lang='lat' dir='ltr'><strong>publicam</strong></span> <span class='ocrx_word' id='word_1_15' title='bbox 1090 488 1161 551; x_wconf 90' lang='lat' dir='ltr'>per-</span> 
     </span>
     <span class='ocr_line' id='line_1_3' title="bbox 83 564 1158 654; baseline 0.007 -26"><span class='ocrx_word' id='word_1_16' title='bbox 83 565 213 640; x_wconf 84' lang='lat' dir='ltr'>tineat,</span> <span class='ocrx_word' id='word_1_17' title='bbox 246 564 526 649; x_wconf 85' lang='lat' dir='ltr'>praetermissum</span> <span class='ocrx_word' id='word_1_18' title='bbox 556 587 629 631; x_wconf 88' lang='lat' dir='ltr'>esse</span> <span class='ocrx_word' id='word_1_19' title='bbox 660 566 826 632; x_wconf 84' lang='lat' dir='ltr'>videatur.</span> <span class='ocrx_word' id='word_1_20' title='bbox 871 567 919 633; x_wconf 88' lang='lat' dir='ltr'>Et</span> <span class='ocrx_word' id='word_1_21' title='bbox 943 569 1101 654; x_wconf 91' lang='lat' dir='ltr'>quoniam</span> <span class='ocrx_word' id='word_1_22' title='bbox 1125 571 1158 635; x_wconf 91' lang='lat' dir='ltr'>in</span> 
     </span>
     <span class='ocr_line' id='line_1_4' title="bbox 82 668 1159 756; baseline 0.009 -26"><span class='ocrx_word' id='word_1_23' title='bbox 82 668 313 753; x_wconf 87' lang='lat' dir='ltr'>gravissimis</span> <span class='ocrx_word' id='word_1_24' title='bbox 330 669 539 755; x_wconf 80' lang='lat' dir='ltr'>temporibus</span> <span class='ocrx_word' id='word_1_25' title='bbox 557 671 706 736; x_wconf 88' lang='lat' dir='ltr'>civitatis</span> <span class='ocrx_word' id='word_1_26' title='bbox 722 679 825 756; x_wconf 89' lang='lat' dir='ltr'>atque</span> <span class='ocrx_word' id='word_1_27' title='bbox 841 672 876 735; x_wconf 91' lang='lat' dir='ltr'>in</span> <span class='ocrx_word' id='word_1_28' title='bbox 895 672 1002 738; x_wconf 87' lang='lat' dir='ltr'>ruinis</span> <span class='ocrx_word' id='word_1_29' title='bbox 1025 695 1159 740; x_wconf 86' lang='lat' dir='ltr'>eversae</span> 
     </span>
     <span class='ocr_line' id='line_1_5' title="bbox 83 773 1159 859; baseline 0.008 -25"><span class='ocrx_word' id='word_1_30' title='bbox 83 784 195 856; x_wconf 88' lang='lat' dir='ltr'>atque</span> <span class='ocrx_word' id='word_1_31' title='bbox 228 773 394 838; x_wconf 88' lang='lat' dir='ltr'>adflictae</span> <span class='ocrx_word' id='word_1_32' title='bbox 421 775 470 839; x_wconf 89' lang='lat' dir='ltr'>rei</span> <span class='ocrx_word' id='word_1_33' title='bbox 497 774 651 859; x_wconf 89' lang='lat' dir='ltr'>publicae</span> <span class='ocrx_word' id='word_1_34' title='bbox 677 775 716 838; x_wconf 91' lang='lat' dir='ltr'>P.</span> <span class='ocrx_word' id='word_1_35' title='bbox 734 774 823 840; x_wconf 87' lang='lat' dir='ltr'>Sesti</span> <span class='ocrx_word' id='word_1_36' title='bbox 851 774 1042 842; x_wconf 78' lang='lat' dir='ltr'>tribunatus</span> <span class='ocrx_word' id='word_1_37' title='bbox 1065 785 1118 843; x_wconf 89' lang='lat' dir='ltr'>est</span> <span class='ocrx_word' id='word_1_38' title='bbox 1140 801 1159 843; x_wconf 90' lang='lat' dir='ltr'>a</span> 
     </span>
     <span class='ocr_line' id='line_1_6' title="bbox 83 876 1213 964; baseline 0.005 -26"><span class='ocrx_word' id='word_1_39' title='bbox 83 876 255 940; x_wconf 85' lang='lat' dir='ltr'>Fortuna</span> <span class='ocrx_word' id='word_1_40' title='bbox 272 879 347 962; x_wconf 93' lang='lat' dir='ltr'>ipsa</span> <span class='ocrx_word' id='word_1_41' title='bbox 366 878 561 955; x_wconf 89' lang='lat' dir='ltr'>collocatus,</span> <span class='ocrx_word' id='word_1_42' title='bbox 577 899 645 942; x_wconf 93' lang='lat' dir='ltr'>non</span> <span class='ocrx_word' id='word_1_43' title='bbox 668 876 847 964; x_wconf 87' lang='lat' dir='ltr'>adgrediar</span> <span class='ocrx_word' id='word_1_44' title='bbox 870 879 912 943; x_wconf 92' lang='lat' dir='ltr'>ad</span> <span class='ocrx_word' id='word_1_45' title='bbox 936 880 995 944; x_wconf 88' lang='lat' dir='ltr'>illa</span> <span class='ocrx_word' id='word_1_46' title='bbox 1018 882 1162 947; x_wconf 88' lang='lat' dir='ltr'>maxima</span> <span class='ocrx_word' id='word_1_47' title='bbox 1184 899 1213 944; x_wconf 83' lang='lat'>³0</span> 
     </span>
     <span class='ocr_line' id='line_1_7' title="bbox 84 981 1157 1068; baseline 0.007 -25"><span class='ocrx_word' id='word_1_48' title='bbox 84 989 195 1065; x_wconf 88' lang='lat' dir='ltr'>atque</span> <span class='ocrx_word' id='word_1_49' title='bbox 213 982 444 1066; x_wconf 87' lang='lat' dir='ltr'>amplissima,</span> <span class='ocrx_word' id='word_1_50' title='bbox 461 983 659 1067; x_wconf 83' lang='lat' dir='ltr'>priusquam</span> <span class='ocrx_word' id='word_1_51' title='bbox 675 981 831 1058; x_wconf 87' lang='lat' dir='ltr'>docuere,</span> <span class='ocrx_word' id='word_1_52' title='bbox 848 983 970 1068; x_wconf 88' lang='lat' dir='ltr'>quibus</span> <span class='ocrx_word' id='word_1_53' title='bbox 994 985 1100 1050; x_wconf 89' lang='lat' dir='ltr'>initiis</span> <span class='ocrx_word' id='word_1_54' title='bbox 1119 1007 1157 1050; x_wconf 86' lang='lat' dir='ltr'>ac</span> 
     </span>
     <span class='ocr_line' id='line_1_8' title="bbox 84 1082 1158 1155; baseline 0.009 -10"><span class='ocrx_word' id='word_1_55' title='bbox 84 1082 339 1151; x_wconf 77' lang='lat' dir='ltr'>fundamentis</span> <span class='ocrx_word' id='word_1_56' title='bbox 354 1085 437 1152; x_wconf 87' lang='lat' dir='ltr'>haee</span> <span class='ocrx_word' id='word_1_57' title='bbox 449 1092 563 1151; x_wconf 86' lang='lat' dir='ltr'>tantae</span> <span class='ocrx_word' id='word_1_58' title='bbox 579 1086 719 1150; x_wconf 90' lang='lat' dir='ltr'>summis</span> <span class='ocrx_word' id='word_1_59' title='bbox 735 1087 771 1150; x_wconf 92' lang='lat' dir='ltr'>in</span> <span class='ocrx_word' id='word_1_60' title='bbox 787 1085 886 1152; x_wconf 89' lang='lat' dir='ltr'>rebus</span> <span class='ocrx_word' id='word_1_61' title='bbox 906 1086 1022 1153; x_wconf 88' lang='lat' dir='ltr'>laudes</span> <span class='ocrx_word' id='word_1_62' title='bbox 1038 1090 1158 1155; x_wconf 82' lang='lat' dir='ltr'>excita</span> 
     </span>
     <span class='ocr_line' id='line_1_9' title="bbox 86 1190 1039 1276; baseline 0.005 -24"><span class='ocrx_word' id='word_1_63' title='bbox 86 1194 141 1252; x_wconf 88' lang='lat' dir='ltr'>tae</span> <span class='ocrx_word' id='word_1_64' title='bbox 159 1190 253 1254; x_wconf 86' lang='lat' dir='ltr'>sint.</span> <span class='ocrx_word' id='word_1_65' title='bbox 1037 1273 1039 1276; x_wconf 16' lang='grc' dir='ltr'>Ι</span> 
     </span>
    </p>

    <p class='ocr_par' dir='ltr' id='par_1_3' title="bbox 36 1293 1227 3881">
     <span class='ocr_line' id='line_1_10' title="bbox 129 1293 1200 1373; baseline 0.007 -18"><span class='ocrx_word' id='word_1_66' title='bbox 129 1309 191 1355; x_wconf 82' lang='lat'>111.</span> <span class='ocrx_word' id='word_1_67' title='bbox 228 1293 383 1359; x_wconf 89' lang='lat' dir='ltr'>Parente</span> <span class='ocrx_word' id='word_1_68' title='bbox 401 1294 440 1357; x_wconf 92' lang='grc' dir='ltr'>Ρ.</span> <span class='ocrx_word' id='word_1_69' title='bbox 457 1293 588 1359; x_wconf 89' lang='lat' dir='ltr'>Sestius</span> <span class='ocrx_word' id='word_1_70' title='bbox 604 1301 705 1359; x_wconf 89' lang='lat' dir='ltr'>natus</span> <span class='ocrx_word' id='word_1_71' title='bbox 721 1300 783 1371; x_wconf 87' lang='lat' dir='ltr'>est,</span> <span class='ocrx_word' id='word_1_72' title='bbox 800 1294 939 1372; x_wconf 71' lang='lat' dir='ltr'>iudices</span> <span class='ocrx_word' id='word_1_73' title='bbox 956 1296 1100 1373; x_wconf 92' lang='lat' dir='ltr'>homine,</span> <span class='ocrx_word' id='word_1_74' title='bbox 1119 1305 1157 1362; x_wconf 90' lang='lat' dir='ltr'>ut</span> <span class='ocrx_word' id='word_1_75' title='bbox 1180 1301 1200 1363; x_wconf 89' lang='grc'><strong>6</strong></span> 
     </span>
     <span class='ocr_line' id='line_1_11' title="bbox 88 1397 1157 1482; baseline 0.005 -23"><span class='ocrx_word' id='word_1_76' title='bbox 88 1397 258 1482; x_wconf 83' lang='lat' dir='ltr'>plerique</span> <span class='ocrx_word' id='word_1_77' title='bbox 284 1398 499 1476; x_wconf 89' lang='lat' dir='ltr'>meministis,</span> <span class='ocrx_word' id='word_1_78' title='bbox 516 1405 552 1463; x_wconf 91' lang='lat' dir='ltr'>et</span> <span class='ocrx_word' id='word_1_79' title='bbox 577 1399 727 1482; x_wconf 85' lang='lat' dir='ltr'>sapiente</span> <span class='ocrx_word' id='word_1_80' title='bbox 755 1407 790 1462; x_wconf 88' lang='lat' dir='ltr'>et</span> <span class='ocrx_word' id='word_1_81' title='bbox 815 1407 932 1464; x_wconf 83' lang='lat' dir='ltr'>sancto</span> <span class='ocrx_word' id='word_1_82' title='bbox 959 1407 994 1465; x_wconf 91' lang='lat' dir='ltr'>et</span> <span class='ocrx_word' id='word_1_83' title='bbox 1023 1423 1157 1476; x_wconf 84' lang='lat' dir='ltr'>sever03</span> 
     </span>
     <span class='ocr_line' id='line_1_12' title="bbox 92 1502 1157 1588; baseline 0.006 -24"><span class='ocrx_word' id='word_1_84' title='bbox 92 1502 258 1586; x_wconf 85' lang='lat' dir='ltr'>quicum</span> <span class='ocrx_word' id='word_1_85' title='bbox 276 1503 435 1567; x_wconf 90' lang='lat' dir='ltr'>tribunus</span> <span class='ocrx_word' id='word_1_86' title='bbox 451 1503 497 1588; x_wconf 93' lang='lat' dir='ltr'>pl.</span> <span class='ocrx_word' id='word_1_87' title='bbox 513 1504 642 1587; x_wconf 88' lang='lat' dir='ltr'>primus</span> <span class='ocrx_word' id='word_1_88' title='bbox 658 1504 747 1568; x_wconf 89' lang='lat' dir='ltr'>inter</span> <span class='ocrx_word' id='word_1_89' title='bbox 762 1503 911 1569; x_wconf 91' lang='lat' dir='ltr'>homines</span> <span class='ocrx_word' id='word_1_90' title='bbox 935 1505 1157 1570; x_wconf 88' lang='lat' dir='ltr'>nobilissimos</span> 
     </span>
     <span class='ocr_line' id='line_1_13' title="bbox 92 1607 1157 1693; baseline 0.006 -25"><span class='ocrx_word' id='word_1_91' title='bbox 92 1608 312 1690; x_wconf 88' lang='lat' dir='ltr'>temporibus</span> <span class='ocrx_word' id='word_1_92' title='bbox 329 1608 478 1693; x_wconf 87' lang='lat' dir='ltr'>optumis</span> <span class='ocrx_word' id='word_1_93' title='bbox 494 1607 605 1672; x_wconf 85' lang='lat' dir='ltr'>iactus</span> <span class='ocrx_word' id='word_1_94' title='bbox 621 1615 719 1683; x_wconf 86' lang='lat' dir='ltr'>esset,</span> <span class='ocrx_word' id='word_1_95' title='bbox 737 1608 876 1693; x_wconf 88' lang='lat' dir='ltr'>reliquis</span> <span class='ocrx_word' id='word_1_96' title='bbox 896 1608 1074 1673; x_wconf 89' lang='lat' dir='ltr'>honoribus</span> <span class='ocrx_word' id='word_1_97' title='bbox 1091 1631 1157 1674; x_wconf 89' lang='lat' dir='ltr'>non</span> 
     </span>
     <span class='ocr_line' id='line_1_14' title="bbox 95 1710 1211 1798; baseline 0.003 -26"><span class='ocrx_word' id='word_1_98' title='bbox 95 1716 163 1772; x_wconf 89' lang='lat' dir='ltr'>tarn</span> <span class='ocrx_word' id='word_1_99' title='bbox 182 1712 239 1774; x_wconf 92' lang='lat' dir='ltr'>uti</span> <span class='ocrx_word' id='word_1_100' title='bbox 257 1711 370 1776; x_wconf 87' lang='lat' dir='ltr'>voluit</span> <span class='ocrx_word' id='word_1_101' title='bbox 391 1732 493 1796; x_wconf 88' lang='lat' dir='ltr'>quam</span> <span class='ocrx_word' id='word_1_102' title='bbox 517 1710 642 1798; x_wconf 90' lang='lat' dir='ltr'>dignus</span> <span class='ocrx_word' id='word_1_103' title='bbox 665 1711 782 1775; x_wconf 89' lang='lat' dir='ltr'>videri.</span> <span class='ocrx_word' id='word_1_104' title='bbox 830 1712 879 1774; x_wconf 87' lang='lat' dir='ltr'>Eo</span> <span class='ocrx_word' id='word_1_105' title='bbox 902 1719 1037 1776; x_wconf 90' lang='lat' dir='ltr'>auctore</span> <span class='ocrx_word' id='word_1_106' title='bbox 1061 1712 1160 1778; x_wconf 88' lang='lat' dir='ltr'>duxit</span> <span class='ocrx_word' id='word_1_107' title='bbox 1196 1730 1211 1775; x_wconf 80' lang='lat' dir='ltr'>s</span> 
     </span>
     <span class='ocr_line' id='line_1_15' title="bbox 94 1808 1157 1897; baseline 0.006 -27"><span class='ocrx_word' id='word_1_108' title='bbox 94 1808 349 1876; x_wconf 90' lang='lat' dir='ltr'>honestissumi</span> <span class='ocrx_word' id='word_1_109' title='bbox 366 1820 403 1876; x_wconf 88' lang='lat' dir='ltr'>et</span> <span class='ocrx_word' id='word_1_110' title='bbox 419 1813 670 1897; x_wconf 87' lang='lat' dir='ltr'>spectatissumi</span> <span class='ocrx_word' id='word_1_111' title='bbox 693 1811 768 1887; x_wconf 90' lang='lat' dir='ltr'>viri,</span> <span class='ocrx_word' id='word_1_112' title='bbox 786 1811 824 1875; x_wconf 80' lang='lat' dir='ltr'>O.</span> <span class='ocrx_word' id='word_1_113' title='bbox 841 1811 970 1887; x_wconf 92' lang='lat' dir='ltr'>Albini,</span> <span class='ocrx_word' id='word_1_114' title='bbox 987 1812 1099 1888; x_wconf 87' lang='lat' dir='ltr'>filiam,</span> <span class='ocrx_word' id='word_1_115' title='bbox 1116 1835 1157 1878; x_wconf 87' lang='lat' dir='ltr'>ex</span> 
     </span>
     <span class='ocr_line' id='line_1_16' title="bbox 98 1915 1159 2003; baseline 0.007 -27"><span class='ocrx_word' id='word_1_116' title='bbox 98 1936 165 1997; x_wconf 89' lang='lat' dir='ltr'>qua</span> <span class='ocrx_word' id='word_1_117' title='bbox 179 1915 242 1981; x_wconf 92' lang='lat' dir='ltr'>hic</span> <span class='ocrx_word' id='word_1_118' title='bbox 260 1924 315 1981; x_wconf 87' lang='lat' dir='ltr'>cst</span> <span class='ocrx_word' id='word_1_119' title='bbox 330 1939 415 2001; x_wconf 91' lang='lat' dir='ltr'>puer</span> <span class='ocrx_word' id='word_1_120' title='bbox 430 1924 466 1981; x_wconf 90' lang='lat' dir='ltr'>et</span> <span class='ocrx_word' id='word_1_121' title='bbox 481 1923 588 2001; x_wconf 89' lang='lat' dir='ltr'>nupta</span> <span class='ocrx_word' id='word_1_122' title='bbox 604 1917 670 1979; x_wconf 91' lang='lat' dir='ltr'>iam</span> <span class='ocrx_word' id='word_1_123' title='bbox 685 1916 764 1979; x_wconf 91' lang='lat' dir='ltr'>filia.</span> <span class='ocrx_word' id='word_1_124' title='bbox 810 1915 951 1980; x_wconf 88' lang='lat' dir='ltr'>Duobus</span> <span class='ocrx_word' id='word_1_125' title='bbox 968 1915 1019 1980; x_wconf 91' lang='lat' dir='ltr'>his</span> <span class='ocrx_word' id='word_1_126' title='bbox 1034 1919 1159 2003; x_wconf 88' lang='lat' dir='ltr'>gravis·</span> 
     </span>
     <span class='ocr_line' id='line_1_17' title="bbox 97 2008 1157 2107; baseline 0.007 -27"><span class='ocrx_word' id='word_1_127' title='bbox 97 2040 214 2085; x_wconf 89' lang='lat' dir='ltr'>surnae</span> <span class='ocrx_word' id='word_1_128' title='bbox 241 2022 460 2107; x_wconf 86' lang='lat' dir='ltr'>antiquitatis</span> <span class='ocrx_word' id='word_1_129' title='bbox 485 2021 567 2086; x_wconf 88' lang='lat' dir='ltr'>viris</span> <span class='ocrx_word' id='word_1_130' title='bbox 594 2022 642 2085; x_wconf 92' lang='lat' dir='ltr'>sic</span> <span class='ocrx_word' id='word_1_131' title='bbox 669 2020 829 2105; x_wconf 89' lang='lat' dir='ltr'>probatus</span> <span class='ocrx_word' id='word_1_132' title='bbox 856 2019 932 2096; x_wconf 86' lang='lat' dir='ltr'>fuit,</span> <span class='ocrx_word' id='word_1_133' title='bbox 957 2027 997 2084; x_wconf 90' lang='lat' dir='ltr'>ut</span> <span class='ocrx_word' id='word_1_134' title='bbox 1023 2008 1157 2106; x_wconf 87' lang='lat' dir='ltr'>utrique</span> 
     </span>
     <span class='ocr_line' id='line_1_18' title="bbox 100 2122 1157 2190; baseline 0.004 -4"><span class='ocrx_word' id='word_1_135' title='bbox 100 2145 219 2188; x_wconf 90' lang='lat' dir='ltr'>eorum</span> <span class='ocrx_word' id='word_1_136' title='bbox 248 2134 285 2190; x_wconf 87' lang='lat' dir='ltr'>et</span> <span class='ocrx_word' id='word_1_137' title='bbox 311 2147 408 2190; x_wconf 89' lang='lat' dir='ltr'>carus</span> <span class='ocrx_word' id='word_1_138' title='bbox 440 2126 586 2190; x_wconf 87' lang='lat' dir='ltr'>maxime</span> <span class='ocrx_word' id='word_1_139' title='bbox 613 2132 649 2189; x_wconf 91' lang='lat' dir='ltr'>et</span> <span class='ocrx_word' id='word_1_140' title='bbox 674 2122 844 2188; x_wconf 91' lang='lat' dir='ltr'>iucundus</span> <span class='ocrx_word' id='word_1_141' title='bbox 874 2132 972 2189; x_wconf 90' lang='lat' dir='ltr'>esset.</span> <span class='ocrx_word' id='word_1_142' title='bbox 1018 2124 1157 2190; x_wconf 86' lang='lat' dir='ltr'>Ademit</span> 
     </span>
     <span class='ocr_line' id='line_1_19' title="bbox 101 2228 1227 2305; baseline 0 -15"><span class='ocrx_word' id='word_1_143' title='bbox 101 2228 231 2295; x_wconf 89' lang='lat' dir='ltr'>Albino</span> <span class='ocrx_word' id='word_1_144' title='bbox 261 2231 370 2295; x_wconf 90' lang='lat' dir='ltr'>soceri</span> <span class='ocrx_word' id='word_1_145' title='bbox 396 2252 519 2295; x_wconf 92' lang='lat' dir='ltr'>nomen</span> <span class='ocrx_word' id='word_1_146' title='bbox 550 2251 637 2293; x_wconf 87' lang='lat' dir='ltr'>mors</span> <span class='ocrx_word' id='word_1_147' title='bbox 665 2229 763 2305; x_wconf 87' lang='lat' dir='ltr'>filiae,</span> <span class='ocrx_word' id='word_1_148' title='bbox 779 2228 838 2294; x_wconf 89' lang='lat' dir='ltr'>sed</span> <span class='ocrx_word' id='word_1_149' title='bbox 865 2229 1036 2294; x_wconf 89' lang='lat' dir='ltr'>caritatem</span> <span class='ocrx_word' id='word_1_150' title='bbox 1066 2231 1227 2296; x_wconf 87' lang='lat' dir='ltr'>illius1o.</span> 
     </span>
     <span class='ocr_line' id='line_1_20' title="bbox 103 2333 1157 2400; baseline 0.006 -6"><span class='ocrx_word' id='word_1_151' title='bbox 103 2336 368 2400; x_wconf 80' lang='lat' dir='ltr'>necessitudinis</span> <span class='ocrx_word' id='word_1_152' title='bbox 384 2342 420 2400; x_wconf 93' lang='lat' dir='ltr'>et</span> <span class='ocrx_word' id='word_1_153' title='bbox 434 2335 698 2400; x_wconf 89' lang='lat' dir='ltr'>benivolentiam</span> <span class='ocrx_word' id='word_1_154' title='bbox 715 2355 781 2397; x_wconf 89' lang='lat' dir='ltr'>non</span> <span class='ocrx_word' id='word_1_155' title='bbox 797 2333 930 2398; x_wconf 87' lang='lat' dir='ltr'>ademit.</span> <span class='ocrx_word' id='word_1_156' title='bbox 977 2334 1089 2400; x_wconf 88' lang='lat' dir='ltr'>Hodie</span> <span class='ocrx_word' id='word_1_157' title='bbox 1110 2337 1157 2400; x_wconf 87' lang='lat' dir='ltr'>sic</span> 
     </span>
     <span class='ocr_line' id='line_1_21' title="bbox 103 2434 1157 2526; baseline 0.005 -29"><span class='ocrx_word' id='word_1_158' title='bbox 103 2434 191 2503; x_wconf 89' lang='lat' dir='ltr'>bunc</span> <span class='ocrx_word' id='word_1_159' title='bbox 218 2441 347 2526; x_wconf 80' lang='lat' dir='ltr'>diligit,</span> <span class='ocrx_word' id='word_1_160' title='bbox 364 2447 405 2504; x_wconf 88' lang='lat' dir='ltr'>ut</span> <span class='ocrx_word' id='word_1_161' title='bbox 420 2461 480 2504; x_wconf 89' lang='lat' dir='ltr'>vos</span> <span class='ocrx_word' id='word_1_162' title='bbox 504 2438 664 2503; x_wconf 85' lang='lat' dir='ltr'>facillime</span> <span class='ocrx_word' id='word_1_163' title='bbox 688 2439 831 2522; x_wconf 89' lang='lat' dir='ltr'>potestis</span> <span class='ocrx_word' id='word_1_164' title='bbox 854 2459 895 2502; x_wconf 88' lang='lat' dir='ltr'>ex</span> <span class='ocrx_word' id='word_1_165' title='bbox 919 2438 979 2502; x_wconf 91' lang='lat' dir='ltr'>hac</span> <span class='ocrx_word' id='word_1_166' title='bbox 996 2440 1051 2504; x_wconf 92' lang='lat' dir='ltr'>vel</span> <span class='ocrx_word' id='word_1_167' title='bbox 1074 2438 1157 2503; x_wconf 92' lang='lat' dir='ltr'>adsi·</span> 
     </span>
     <span class='ocr_line' id='line_1_22' title="bbox 105 2539 1198 2620; baseline 0.008 -19"><span class='ocrx_word' id='word_1_168' title='bbox 105 2539 235 2608; x_wconf 81' lang='lat' dir='ltr'>diritate</span> <span class='ocrx_word' id='word_1_169' title='bbox 249 2545 323 2608; x_wconf 90' lang='lat' dir='ltr'>eius</span> <span class='ocrx_word' id='word_1_170' title='bbox 335 2543 390 2606; x_wconf 90' lang='lat' dir='ltr'>vel</span> <span class='ocrx_word' id='word_1_171' title='bbox 400 2541 631 2607; x_wconf 86' lang='lat' dir='ltr'>sollicitudine</span> <span class='ocrx_word' id='word_1_172' title='bbox 644 2548 679 2605; x_wconf 90' lang='lat' dir='ltr'>et</span> <span class='ocrx_word' id='word_1_173' title='bbox 691 2541 844 2620; x_wconf 89' lang='lat' dir='ltr'>molestia</span> <span class='ocrx_word' id='word_1_174' title='bbox 855 2540 1012 2606; x_wconf 88' lang='lat' dir='ltr'>iudicare.</span> <span class='ocrx_word' id='word_1_175' title='bbox 1047 2542 1158 2607; x_wconf 88' lang='lat' dir='ltr'>Duxit</span> <span class='ocrx_word' id='word_1_176' title='bbox 1180 2548 1198 2611; x_wconf 78' lang='lat'><strong>7</strong></span> 
     </span>
     <span class='ocr_line' id='line_1_23' title="bbox 106 2645 1155 2732; baseline 0.005 -26"><span class='ocrx_word' id='word_1_177' title='bbox 106 2665 247 2724; x_wconf 74' lang='lat' dir='ltr'>uxorem</span> <span class='ocrx_word' id='word_1_178' title='bbox 259 2655 356 2732; x_wconf 87' lang='lat' dir='ltr'>patre</span> <span class='ocrx_word' id='word_1_179' title='bbox 369 2648 449 2712; x_wconf 87' lang='lat' dir='ltr'>vivo</span> <span class='ocrx_word' id='word_1_180' title='bbox 462 2646 594 2731; x_wconf 90' lang='lat' dir='ltr'>optumi</span> <span class='ocrx_word' id='word_1_181' title='bbox 610 2653 646 2710; x_wconf 92' lang='lat' dir='ltr'>et</span> <span class='ocrx_word' id='word_1_182' title='bbox 661 2645 951 2709; x_wconf 84' lang='lat' dir='ltr'>calamitosissumi</span> <span class='ocrx_word' id='word_1_183' title='bbox 964 2647 1027 2710; x_wconf 87' lang='lat' dir='ltr'>viri</span> <span class='ocrx_word' id='word_1_184' title='bbox 1042 2646 1155 2726; x_wconf 89' lang='lat' dir='ltr'>filiam,</span> 
     </span>
     <span class='ocr_line' id='line_1_24' title="bbox 109 2747 1210 2838; baseline 0.008 -28"><span class='ocrx_word' id='word_1_185' title='bbox 109 2747 143 2811; x_wconf 87' lang='lat' dir='ltr'>L.</span> <span class='ocrx_word' id='word_1_186' title='bbox 159 2750 341 2838; x_wconf 79' lang='lat' dir='ltr'>Scipionis.</span> <span class='ocrx_word' id='word_1_187' title='bbox 389 2751 489 2815; x_wconf 86' lang='lat' dir='ltr'>Clara</span> <span class='ocrx_word' id='word_1_188' title='bbox 516 2751 552 2814; x_wconf 93' lang='lat' dir='ltr'>in</span> <span class='ocrx_word' id='word_1_189' title='bbox 579 2750 641 2814; x_wconf 90' lang='lat' dir='ltr'>hoc</span> <span class='ocrx_word' id='word_1_190' title='bbox 670 2749 708 2813; x_wconf 91' lang='grc' dir='ltr'>Ρ.</span> <span class='ocrx_word' id='word_1_191' title='bbox 734 2748 823 2813; x_wconf 87' lang='lat' dir='ltr'>Sesti</span> <span class='ocrx_word' id='word_1_192' title='bbox 850 2751 955 2834; x_wconf 89' lang='lat' dir='ltr'>pietas</span> <span class='ocrx_word' id='word_1_193' title='bbox 983 2751 1099 2816; x_wconf 84' lang='lat' dir='ltr'>extitit</span> <span class='ocrx_word' id='word_1_194' title='bbox 1124 2761 1160 2818; x_wconf 88' lang='lat' dir='ltr'>et</span> <span class='ocrx_word' id='word_1_195' title='bbox 1182 2774 1210 2819; x_wconf 88' lang='lat'>15</span> 
     </span>
     <span class='ocr_line' id='line_1_25' title="bbox 111 2853 1156 2943; baseline 0.005 -28"><span class='ocrx_word' id='word_1_196' title='bbox 111 2856 261 2921; x_wconf 90' lang='lat' dir='ltr'>omnibus</span> <span class='ocrx_word' id='word_1_197' title='bbox 277 2863 386 2943; x_wconf 87' lang='lat' dir='ltr'>grata,</span> <span class='ocrx_word' id='word_1_198' title='bbox 403 2855 496 2940; x_wconf 92' lang='lat' dir='ltr'>quod</span> <span class='ocrx_word' id='word_1_199' title='bbox 511 2861 547 2919; x_wconf 88' lang='lat' dir='ltr'>et</span> <span class='ocrx_word' id='word_1_200' title='bbox 562 2853 748 2918; x_wconf 87' lang='lat' dir='ltr'>Massiliam</span> <span class='ocrx_word' id='word_1_201' title='bbox 772 2854 886 2918; x_wconf 87' lang='lat' dir='ltr'>statim</span> <span class='ocrx_word' id='word_1_202' title='bbox 908 2853 1078 2937; x_wconf 83' lang='lat' dir='ltr'>profectus</span> <span class='ocrx_word' id='word_1_203' title='bbox 1095 2865 1156 2933; x_wconf 90' lang='lat' dir='ltr'>est,</span> 
     </span>
     <span class='ocr_line' id='line_1_26' title="bbox 110 2955 1156 3044; baseline 0.005 -26"><span class='ocrx_word' id='word_1_204' title='bbox 110 2966 146 3020; x_wconf 87' lang='lat' dir='ltr'>ut</span> <span class='ocrx_word' id='word_1_205' title='bbox 159 2981 315 3025; x_wconf 90' lang='lat' dir='ltr'>socerum</span> <span class='ocrx_word' id='word_1_206' title='bbox 331 2958 447 3025; x_wconf 85' lang='lat' dir='ltr'>videre</span> <span class='ocrx_word' id='word_1_207' title='bbox 464 2958 696 3042; x_wconf 81' lang='lat' dir='ltr'>consolarique</span> <span class='ocrx_word' id='word_1_208' title='bbox 713 2963 825 3041; x_wconf 91' lang='lat' dir='ltr'>posset</span> <span class='ocrx_word' id='word_1_209' title='bbox 845 2955 1004 3022; x_wconf 87' lang='lat' dir='ltr'>fluctibus</span> <span class='ocrx_word' id='word_1_210' title='bbox 1027 2959 1075 3022; x_wconf 89' lang='lat' dir='ltr'>rei</span> <span class='ocrx_word' id='word_1_211' title='bbox 1098 2981 1156 3044; x_wconf 89' lang='lat' dir='ltr'>pu·</span> 
     </span>
     <span class='ocr_line' id='line_1_27' title="bbox 111 3058 1157 3148; baseline 0.006 -27"><span class='ocrx_word' id='word_1_212' title='bbox 111 3058 210 3128; x_wconf 88' lang='lat' dir='ltr'>blicae</span> <span class='ocrx_word' id='word_1_213' title='bbox 223 3064 406 3148; x_wconf 88' lang='lat' dir='ltr'>expulsum</span> <span class='ocrx_word' id='word_1_214' title='bbox 422 3063 458 3125; x_wconf 90' lang='lat' dir='ltr'>in</span> <span class='ocrx_word' id='word_1_215' title='bbox 474 3062 591 3126; x_wconf 90' lang='lat' dir='ltr'>alienis</span> <span class='ocrx_word' id='word_1_216' title='bbox 608 3061 705 3125; x_wconf 89' lang='lat' dir='ltr'>terris</span> <span class='ocrx_word' id='word_1_217' title='bbox 720 3061 894 3136; x_wconf 79' lang='lat' dir='ltr'>iacentem,</span> <span class='ocrx_word' id='word_1_218' title='bbox 902 3081 1002 3144; x_wconf 90' lang='lat' dir='ltr'>quem</span> <span class='ocrx_word' id='word_1_219' title='bbox 1012 3062 1047 3124; x_wconf 92' lang='lat' dir='ltr'>in</span> <span class='ocrx_word' id='word_1_220' title='bbox 1059 3065 1157 3128; x_wconf 90' lang='lat' dir='ltr'>maio·</span> 
     </span>
     <span class='ocr_line' id='line_1_28' title="bbox 112 3163 1156 3253; baseline 0.008 -29"><span class='ocrx_word' id='word_1_221' title='bbox 112 3185 337 3232; x_wconf 79' lang='lat' dir='ltr'>romanorum</span> <span class='ocrx_word' id='word_1_222' title='bbox 352 3167 506 3253; x_wconf 86' lang='lat' dir='ltr'>vestigiis</span> <span class='ocrx_word' id='word_1_223' title='bbox 522 3173 610 3229; x_wconf 89' lang='lat' dir='ltr'>stare</span> <span class='ocrx_word' id='word_1_224' title='bbox 630 3164 814 3249; x_wconf 86' lang='lat' dir='ltr'>oportebat,</span> <span class='ocrx_word' id='word_1_225' title='bbox 831 3170 866 3228; x_wconf 91' lang='lat' dir='ltr'>et</span> <span class='ocrx_word' id='word_1_226' title='bbox 889 3163 931 3226; x_wconf 92' lang='lat' dir='ltr'>ad</span> <span class='ocrx_word' id='word_1_227' title='bbox 954 3186 1030 3229; x_wconf 92' lang='lat' dir='ltr'>eum</span> <span class='ocrx_word' id='word_1_228' title='bbox 1053 3165 1156 3232; x_wconf 90' lang='lat' dir='ltr'>filiam</span> 
     </span>
     <span class='ocr_line' id='line_1_29' title="bbox 115 3268 1209 3353; baseline 0.005 -25"><span class='ocrx_word' id='word_1_229' title='bbox 115 3269 178 3334; x_wconf 89' lang='lat' dir='ltr'>eius</span> <span class='ocrx_word' id='word_1_230' title='bbox 193 3271 350 3346; x_wconf 85' lang='lat' dir='ltr'>adduxit,</span> <span class='ocrx_word' id='word_1_231' title='bbox 366 3277 408 3334; x_wconf 90' lang='lat' dir='ltr'>ut</span> <span class='ocrx_word' id='word_1_232' title='bbox 423 3270 480 3334; x_wconf 91' lang='lat' dir='ltr'>ille</span> <span class='ocrx_word' id='word_1_233' title='bbox 503 3270 674 3353; x_wconf 89' lang='lat' dir='ltr'>insperato</span> <span class='ocrx_word' id='word_1_234' title='bbox 698 3275 834 3352; x_wconf 86' lang='lat' dir='ltr'>aspectu</span> <span class='ocrx_word' id='word_1_235' title='bbox 859 3268 1105 3353; x_wconf 84' lang='lat' dir='ltr'>complexuque</span> <span class='ocrx_word' id='word_1_236' title='bbox 1128 3273 1157 3336; x_wconf 89' lang='lat' dir='ltr'>si</span> <span class='ocrx_word' id='word_1_237' title='bbox 1180 3290 1209 3334; x_wconf 78' lang='lat'>20</span> 
     </span>
     <span class='ocr_line' id='line_1_30' title="bbox 114 3371 1154 3458; baseline 0.008 -26"><span class='ocrx_word' id='word_1_238' title='bbox 114 3391 174 3436; x_wconf 92' lang='lat' dir='ltr'>non</span> <span class='ocrx_word' id='word_1_239' title='bbox 190 3398 335 3451; x_wconf 90' lang='lat' dir='ltr'>omnem,</span> <span class='ocrx_word' id='word_1_240' title='bbox 352 3382 389 3439; x_wconf 88' lang='lat' dir='ltr'>at</span> <span class='ocrx_word' id='word_1_241' title='bbox 403 3374 552 3458; x_wconf 90' lang='lat' dir='ltr'>aliquam</span> <span class='ocrx_word' id='word_1_242' title='bbox 568 3379 698 3457; x_wconf 84' lang='lat' dir='ltr'>partem</span> <span class='ocrx_word' id='word_1_243' title='bbox 714 3371 870 3436; x_wconf 89' lang='lat' dir='ltr'>maeroris</span> <span class='ocrx_word' id='word_1_244' title='bbox 887 3371 940 3435; x_wconf 91' lang='lat' dir='ltr'>sui</span> <span class='ocrx_word' id='word_1_245' title='bbox 963 3371 1154 3458; x_wconf 85' lang='lat' dir='ltr'>deponeret,</span> 
     </span>
     <span class='ocr_line' id='line_1_31' title="bbox 116 3473 1157 3564; baseline 0.007 -27"><span class='ocrx_word' id='word_1_246' title='bbox 116 3483 147 3538; x_wconf 87' lang='lat' dir='ltr'>et</span> <span class='ocrx_word' id='word_1_247' title='bbox 156 3481 309 3543; x_wconf 86' lang='lat' dir='ltr'>maximis</span> <span class='ocrx_word' id='word_1_248' title='bbox 326 3486 498 3564; x_wconf 89' lang='lat' dir='ltr'>praeterea</span> <span class='ocrx_word' id='word_1_249' title='bbox 512 3476 729 3560; x_wconf 88' lang='lat' dir='ltr'>adsiduisque</span> <span class='ocrx_word' id='word_1_250' title='bbox 742 3473 857 3540; x_wconf 88' lang='lat' dir='ltr'>officiis</span> <span class='ocrx_word' id='word_1_251' title='bbox 875 3483 910 3540; x_wconf 90' lang='lat' dir='ltr'>et</span> <span class='ocrx_word' id='word_1_252' title='bbox 924 3477 1015 3552; x_wconf 89' lang='lat' dir='ltr'>illius</span> <span class='ocrx_word' id='word_1_253' title='bbox 1031 3500 1157 3544; x_wconf 90' lang='lat' dir='ltr'>aerum-</span> 
     </span>
     <span class='ocr_line' id='line_1_32' title="bbox 36 3578 1154 3668; baseline 0.007 -30"><span class='ocrx_word' id='word_1_254' title='bbox 36 3610 37 3613; x_wconf 35' lang='lat'><em>*</em></span> <span class='ocrx_word' id='word_1_255' title='bbox 116 3599 194 3659; x_wconf 85' lang='lat' dir='ltr'>nam,</span> <span class='ocrx_word' id='word_1_256' title='bbox 225 3583 339 3668; x_wconf 87' lang='lat' dir='ltr'>quoad</span> <span class='ocrx_word' id='word_1_257' title='bbox 371 3583 470 3656; x_wconf 86' lang='lat' dir='ltr'>vixit,</span> <span class='ocrx_word' id='word_1_258' title='bbox 501 3588 536 3645; x_wconf 91' lang='lat' dir='ltr'>et</span> <span class='ocrx_word' id='word_1_259' title='bbox 566 3581 653 3644; x_wconf 88' lang='lat' dir='ltr'>filiae</span> <span class='ocrx_word' id='word_1_260' title='bbox 686 3578 903 3644; x_wconf 85' lang='lat' dir='ltr'>solitudinem</span> <span class='ocrx_word' id='word_1_261' title='bbox 939 3585 1154 3648; x_wconf 89' lang='lat' dir='ltr'>sustentavit.</span> 
     </span>
     <span class='ocr_line' id='line_1_33' title="bbox 36 3681 1157 3759; baseline 0.004 -13"><span class='ocrx_word' id='word_1_262' title='bbox 36 3704 37 3731; x_wconf 69' lang='lat'>³</span> <span class='ocrx_word' id='word_1_263' title='bbox 118 3681 250 3751; x_wconf 89' lang='lat' dir='ltr'>Possum</span> <span class='ocrx_word' id='word_1_264' title='bbox 267 3688 378 3750; x_wconf 89' lang='lat' dir='ltr'>multa</span> <span class='ocrx_word' id='word_1_265' title='bbox 400 3685 509 3749; x_wconf 88' lang='lat' dir='ltr'>dicere</span> <span class='ocrx_word' id='word_1_266' title='bbox 526 3684 566 3748; x_wconf 92' lang='lat' dir='ltr'>de</span> <span class='ocrx_word' id='word_1_267' title='bbox 584 3684 792 3759; x_wconf 83' lang='lat' dir='ltr'>liberalitate,</span> <span class='ocrx_word' id='word_1_268' title='bbox 810 3683 850 3747; x_wconf 92' lang='lat' dir='ltr'>de</span> <span class='ocrx_word' id='word_1_269' title='bbox 874 3682 1066 3751; x_wconf 88' lang='lat' dir='ltr'>domesticis</span> <span class='ocrx_word' id='word_1_270' title='bbox 1090 3686 1157 3752; x_wconf 92' lang='lat' dir='ltr'>offi-</span> 
     </span>
     <span class='ocr_line' id='line_1_34' title="bbox 117 3787 1208 3881; baseline 0.001 -28"><span class='ocrx_word' id='word_1_271' title='bbox 117 3787 180 3867; x_wconf 81' lang='lat' dir='ltr'>ciis,</span> <span class='ocrx_word' id='word_1_272' title='bbox 192 3792 233 3859; x_wconf 91' lang='lat' dir='ltr'>de</span> <span class='ocrx_word' id='word_1_273' title='bbox 246 3791 423 3857; x_wconf 87' lang='lat' dir='ltr'>tribunatu</span> <span class='ocrx_word' id='word_1_274' title='bbox 437 3789 585 3861; x_wconf 85' lang='lat' dir='ltr'>militari,</span> <span class='ocrx_word' id='word_1_275' title='bbox 599 3788 639 3850; x_wconf 90' lang='lat' dir='ltr'>de</span> <span class='ocrx_word' id='word_1_276' title='bbox 652 3787 848 3876; x_wconf 86' lang='lat' dir='ltr'>provinciali</span> <span class='ocrx_word' id='word_1_277' title='bbox 862 3787 895 3849; x_wconf 91' lang='lat' dir='ltr'>in</span> <span class='ocrx_word' id='word_1_278' title='bbox 909 3808 947 3856; x_wconf 90' lang='lat' dir='ltr'>eo</span> <span class='ocrx_word' id='word_1_279' title='bbox 960 3791 1155 3881; x_wconf 85' lang='lat' dir='ltr'>magistratu</span> <span class='ocrx_word' id='word_1_280' title='bbox 1179 3806 1208 3854; x_wconf 78' lang='lat'>25</span> 
     </span>
    </p>
   </div>
   <div class='ocr_carea' id='block_1_3' title="bbox 0 0 1446 4367">
    <p class='ocr_par' dir='ltr' id='par_1_4' title="bbox 0 0 1446 4367">
     <span class='ocr_line' id='line_1_35' title="bbox 0 0 1446 4367; baseline 0 0"><span class='ocrx_word' id='word_1_281' title='bbox 0 0 1446 4367; x_wconf 95' lang='lat' dir='ltr'> </span> 
     </span>
    </p>
   </div>
  </div>
 </body>
</html>
