2800 4367
524 372 605 422 ear.
629 338 685 435 es,
710 374 724 435 a
748 373 833 426 13-17.
1195 364 1236 427 35

131 556 168 617 te
192 550 283 616 vinci
307 550 457 636 potuerit
480 572 590 636 neque
618 559 651 616 te
679 549 844 637 dignitate
871 554 1048 637 superarit.
1099 554 1185 619 Con—

132 655 301 739 tempsisti
317 654 355 718 L.
372 653 535 720 Murenae
555 676 674 741 genus,
691 656 847 720 extulisti
864 664 970 720 tuum.
1018 657 1094 736 Quo
1110 658 1183 725 loco
1246 688 1249 691 ⁴

131 758 163 822 si
179 758 241 822 tibi
258 758 321 823 hoc
343 759 459 835 sumis,
475 758 540 822 nisi
568 758 628 843 qui
650 759 811 844 patricius
834 760 889 835 sit,
906 762 1074 825 neminem
1097 761 1184 827 bono

132 853 207 928 esse
230 884 351 949 genere
374 871 502 939 natum,
533 861 627 938 lacis,
653 871 693 927 ut
718 885 834 927 rursus
864 864 979 948 plebes
1005 866 1041 929 in
1071 866 1185 933 Aven-

132 968 245 1031 tinum
274 966 463 1033 sevocanda
485 988 556 1031 esse
580 966 745 1032 videatur.
793 966 853 1031 Sin
878 976 992 1033 autem
1013 977 1097 1034 sunt
1119 992 1184 1035 am·
1206 988 1235 1033 ιο

132 1072 208 1154 plae
246 1078 281 1136 et
317 1071 477 1136 honestae
516 1071 662 1135 familiae
703 1070 861 1155 plebeiae,
893 1080 928 1137 et
958 1095 1103 1158 proavus
1143 1075 1180 1138 L.

134 1174 296 1241 Murenae
327 1184 364 1241 et
393 1196 477 1240 avus
508 1183 641 1259 praetor
671 1174 749 1251 fuit,
773 1182 808 1240 et
829 1182 925 1260 peter
947 1197 1025 1240 cum
1050 1179 1184 1262 amplis·

132 1280 215 1343 sime
231 1286 333 1364 atque
349 1280 582 1344 honestissime
607 1300 649 1344 ex
672 1286 829 1363 praetura
851 1280 1102 1363 triumphasset,
1118 1282 1181 1347 hoc

133 1382 317 1448 faciliorem
333 1383 410 1448 buia
426 1381 567 1469 gradum
584 1383 780 1447 consulatus
803 1382 1010 1467 adipiscendi
1033 1385 1181 1469 reliquit,

133 1484 269 1570 quodie
288 1487 456 1570 iampatri
481 1485 615 1551 debitus
640 1508 660 1549 a
685 1487 754 1551 filio
779 1486 966 1571 petebatur.
1012 1489 1088 1552 Tua
1103 1511 1182 1554 vero
1205 1507 1234 1551 15

133 1589 300 1666 nobilitas
327 1588 395 1653 Ser.
421 1588 560 1675 Sulpici,
589 1591 724 1654 tametsi
750 1612 881 1654 summa
903 1598 964 1666 est,
990 1598 1102 1656 tamen
1124 1592 1179 1657 ho·
1195 1596 1233 1659 16

133 1692 279 1757 minibus
304 1694 462 1757 litteratis
488 1700 522 1758 et
548 1694 716 1759 historicis
743 1703 796 1758 est
810 1695 930 1770 notior,
954 1696 1079 1779 populo
1102 1718 1182 1761 vero

132 1806 170 1862 et
190 1795 468 1882 suffragatoribus
491 1798 670 1861 obscurior.
717 1798 820 1863 Pater
834 1800 924 1863 enim
940 1798 1008 1863 fuit
1031 1802 1181 1884 equestri

132 1901 217 1977 lucc,
248 1922 332 1966 avus
365 1902 460 1965 nulla
497 1902 633 1965 inlustri
667 1901 767 1966 laude
805 1902 1002 1968 celebratus.
1060 1904 1180 1989 Itaque

133 2026 201 2068 non
225 2027 267 2069 ex
297 2026 447 2069 sermone
480 2005 653 2069 hominum
684 2007 821 2081 recenti,
845 2006 905 2070 sed
937 2029 978 2071 ex
1010 2009 1181 2072 annalium
1204 2026 1234 2071 20

134 2112 304 2170 vetustate
321 2105 468 2170 eruenda
484 2108 641 2173 memoria
657 2114 710 2170 est
725 2106 910 2171 nobilitatis
933 2113 1022 2171 tuae.
1069 2107 1181 2186 Quare

133 2231 197 2296 ego
216 2216 250 2275 te
273 2231 405 2294 semper
429 2211 464 2272 in
489 2218 641 2275 nostrum
670 2232 848 2274 numerum
873 2210 1056 2297 adgregare
1079 2213 1180 2289 selec,

133 2314 226 2399 quod
256 2315 382 2380 virtute
414 2314 646 2407 industriaque
679 2314 861 2399 perfecisti,
895 2322 944 2391 ut,
976 2338 1052 2380 cum
1090 2319 1182 2401 equi-

133 2420 178 2483 tis
210 2419 351 2483 Romani
386 2440 475 2484 esses
513 2419 612 2494 filius,
644 2441 775 2484 summa
813 2429 924 2484 tamen
961 2421 1181 2505 amplitudine

133 2522 258 2610 dignus
274 2531 439 2608 putarere.
486 2523 556 2589 Nee
574 2524 655 2587 mihi
672 2545 833 2608 umquam
849 2525 960 2589 minus
975 2525 1010 2587 in
1028 2524 1069 2603 Q.
1085 2525 1182 2590 Pom·
1203 2541 1233 2586 2¹5

132 2628 218 2712 peio,
249 2650 336 2692 novo
370 2628 502 2693 homine
537 2634 572 2692 et
606 2627 788 2692 fortissimo
821 2628 901 2704 vire,
932 2628 1069 2694 virtutis
1108 2652 1180 2696 esse

133 2733 244 2797 visum
272 2740 325 2797 est
350 2754 452 2817 quam
482 2734 517 2795 in
548 2732 680 2797 homine
707 2733 921 2809 nobilissimo,
948 2733 995 2796 Μ.
1023 2734 1179 2799 Aemilio.
1252 2760 1263 2777 ·

133 2836 270 2901 Etenim
288 2835 437 2901 eiusdem
463 2838 565 2900 animi
585 2844 687 2921 atque
715 2838 843 2923 ingenii
865 2844 917 2901 est
939 2840 1079 2921 posteris
1101 2840 1180 2915 suia,

132 2940 225 3026 quod
262 2940 443 3025 Pompeius
473 2939 564 3016 iecit,
597 2941 855 3025 amplitudinem
894 2942 1048 3018 nominis,
1080 2965 1181 3028 quam

132 3066 200 3108 non
241 3045 414 3129 acceperit,
456 3043 585 3109 tradere
629 3052 673 3118 et,
710 3051 751 3108 ut
792 3044 948 3122 Scaurus,
989 3048 1181 3110 memoriam
1203 3065 1232 3109 30

133 3170 234 3233 prope
276 3149 530 3213 intermortuam
572 3149 704 3234 generis
745 3170 807 3213 sua
845 3150 972 3214 virtute
1010 3172 1179 3216 renovare.

132 3270 214 3315 vni.
247 3251 461 3337 Quamquam
498 3274 560 3339 ego
594 3254 659 3317 iam
693 3252 862 3337 putabam,
893 3253 1030 3331 iudices,
1061 3256 1176 3319 multis
1193 3259 1230 3321 17

132 3356 213 3421 viris
243 3354 387 3420 fortibus
418 3378 460 3420 ne
492 3356 684 3443 ignobilitas
716 3358 848 3442 generis
879 3356 1074 3434 obiceretur,
1106 3381 1180 3423 meo

131 3449 243 3523 labore
259 3481 329 3525 esse
345 3458 541 3544 perfectum,
558 3461 618 3546 qui
641 3482 708 3524 non
729 3460 827 3524 modo
844 3459 966 3537 Curiis,
983 3461 1179 3538 Catonibus,

132 3563 311 3647 Pompeiis,
342 3564 490 3649 antiquis
520 3565 587 3628 illis
618 3563 810 3629 fortissimis
841 3565 932 3640 viria,
963 3565 1022 3629 sed
1052 3566 1104 3630 bis
1133 3588 1182 3631 re-

132 3666 295 3743 centibus,
323 3666 439 3732 Mariis
465 3674 500 3733 et
526 3667 636 3732 Didiis
661 3676 696 3733 et
723 3667 856 3745 Caeliis,
882 3670 1178 3734 commemorandis
1217 3688 1232 3732 5

132 3771 294 3836 iacebant.
349 3770 437 3836 Cum
452 3794 531 3837 vero
547 3794 609 3859 ego
625 3779 720 3836 tanto
743 3772 923 3837 intervallo
946 3774 1092 3837 claustra
1115 3774 1180 3838 ista

132 3876 316 3943 nobilitatis
339 3876 559 3956 refregissem,
582 3886 622 3942 ut
647 3876 761 3943 aditus
784 3877 827 3944 ad
853 3878 1066 3943 consulatum
1091 3886 1180 3962 post
