2800 4367
207 265 270 330 156
570 275 776 328 arrsroess
799 275 998 328 senseras.

259 453 311 514 ius
326 447 490 515 commodi
506 447 688 533 aliquando
706 447 924 532 recuperandi
940 469 1033 532 spem
1049 447 1181 512 fortuna
1200 468 1287 512 reser-
1363 505 1364 534 ,

259 554 363 630 ravit,
380 552 492 616 minus
507 560 561 617 est
571 560 719 617 erratum
732 574 752 616 a
766 551 882 626 nobis;
898 554 926 616 si
939 553 1019 617 haee
1034 553 1119 616 mala
1129 553 1196 617 fixa
1209 565 1287 628 sunt,
1348 563 1364 640 l

259 680 321 745 ego
338 678 417 722 vero
433 665 466 721 te
483 678 584 742 quam
601 657 756 742 primum,
774 677 847 721 mea
864 658 944 732 vita,
962 657 1061 741 eupio
1079 656 1191 722 videre
1207 661 1240 721 et
1257 657 1287 718 in
1349 638 1364 714 l,

207 779 236 824 ro
258 773 318 828 tuo
333 762 512 846 complexu
529 762 643 836 emori,
661 761 821 846 quoniam
835 783 947 846 neque
965 761 1008 837 di,
1027 770 1168 846 questu
1192 761 1292 826 castis-

257 867 340 931 sime
367 865 513 942 soluisti,
530 887 639 950 neque
665 865 826 942 homines
845 865 969 950 quibus
995 888 1058 952 ego
1084 887 1215 950 semper
1238 886 1292 930 ser·
1353 918 1364 942 .,

215 970 339 1046 2vivi,
365 969 460 1033 nobis
486 970 628 1054 gratiam
654 970 871 1042 rettulerunt.
918 955 987 1033 Nos
1014 969 1190 1034 Brundisii
1214 967 1294 1053 apud
1356 952 1364 1034 '}

260 1076 307 1138 Μ.
321 1075 484 1138 Laenium
498 1073 656 1138 Flaccum
669 1073 741 1139 dies
755 1091 836 1137 xm.
850 1073 988 1150 luimus
1002 1075 1112 1140 virum
1129 1075 1293 1160 optimum,
1337 1101 1341 1112 ·

259 1181 319 1264 qui
336 1178 523 1264 perieulum
536 1177 748 1242 fortunarum
764 1186 799 1242 et
814 1179 933 1263 eapitis
949 1180 1001 1243 sui
1018 1200 1097 1263 prae
1111 1200 1186 1243 mea
1197 1178 1295 1242 salute
1357 1160 1364 1224 's

207 1301 235 1346 ιι
257 1283 411 1368 neglexit
426 1303 536 1367 neque
553 1283 637 1368 legis
656 1282 917 1366 improbissimae
934 1304 1041 1368 poena
1057 1281 1226 1348 deductus
1240 1288 1294 1355 est,

258 1387 460 1472 quominus
485 1385 623 1471 hospitii
645 1396 681 1452 et
705 1387 869 1453 amicitiae
896 1371 948 1452 ius
974 1387 1191 1472 officiumque
1217 1407 1298 1471 prae-

258 1499 381 1556 staret:
398 1491 476 1555 huie
493 1492 623 1555 utinam
639 1491 821 1576 aliquando
832 1493 975 1578 gratiam
985 1492 1108 1558 referre
1120 1489 1295 1576 possimus!

213 1601 233 1664 3
256 1597 451 1661 habebimus
467 1596 605 1681 quidem
628 1606 778 1682 semper?
815 1597 996 1662 Brundisio
1020 1597 1164 1682 profecti
1188 1617 1298 1662 snmus

257 1724 286 1765 a.
304 1701 336 1765 d.
354 1699 399 1764 ΙΙ.
418 1701 459 1765 Κ.
477 1701 575 1765 Mai:
594 1723 653 1786 per
668 1701 902 1767 Macedoniam
919 1702 1080 1788 Cyzicum
1097 1702 1296 1788 petebamus.

204 1821 234 1866 ao
257 1806 357 1870 Ome
373 1805 562 1890 perditum!
587 1805 802 1871 oaffliotuml
851 1805 943 1885 Quid
955 1807 1069 1870 enim?
1118 1807 1297 1894 Rogemte,
1363 1773 1364 1834 l

258 1919 297 1974 ut
313 1911 451 1976 venias?
497 1910 674 1975 Mulierem
692 1931 836 1997 aegram,
853 1918 888 1975 et
903 1931 1039 1995 corpore
1056 1917 1092 1975 et
1103 1912 1216 1974 auimo
1231 1929 1299 1973 oon·
1363 1893 1364 1920 ³

257 2013 391 2080 festam.
437 2014 514 2079 Non
542 2014 680 2101 rogem?
727 2013 806 2080 Sine
835 2021 868 2079 le
896 2015 1002 2100 igitur
1026 2015 1117 2078 sim?
1166 2015 1297 2100 Opinor,

256 2120 304 2184 sie
320 2141 434 2206 agam:
458 2120 486 2184 si
503 2111 555 2184 est
578 2141 655 2204 spes
681 2120 788 2212 nostri
815 2119 953 2195 reditus
971 2141 1042 2184 eam
1070 2120 1247 2184 confirmes
1268 2123 1300 2180 et

257 2223 494 2299 remadiuves;
511 2225 573 2301 sin,
588 2231 627 2288 ut
642 2245 705 2310 ego
721 2232 845 2299 metuo,
863 2231 1068 2288 transactum
1086 2231 1148 2300 est,
1167 2240 1298 2310 quoquo

204 2344 233 2389 as
255 2327 355 2392 modo
370 2336 464 2413 potes
485 2328 528 2392 ad
551 2350 603 2393 me
620 2327 673 2392 fao
691 2329 816 2393 venias.
864 2327 979 2392 Unum
1003 2317 1064 2391 hoe
1088 2329 1193 2392 seito:
1219 2327 1247 2391 si
1269 2331 1298 2386 te

257 2431 393 2508 habebo,
407 2455 473 2497 non
491 2433 571 2496 mihi
588 2431 726 2497 videbor
735 2432 832 2516 plane
850 2433 983 2516 perisse.
1040 2430 1107 2496 Sed
1123 2432 1209 2516 quid
1226 2427 1299 2494 Tul·

256 2536 336 2600 liola
357 2559 429 2602 mea
444 2537 523 2602 fiet?
547 2539 613 2601 iam
629 2536 663 2599 id
680 2558 739 2600 vos
757 2535 884 2600 videte:
903 2536 982 2598 mihi
999 2535 1095 2600 deest
1111 2536 1296 2600 eonsilium.

257 2639 324 2705 Sed
339 2651 438 2718 oerte,
456 2663 594 2727 quoquo
617 2640 716 2705 modo
740 2663 774 2705 se
800 2662 851 2706 res
876 2639 1020 2715 habebit,
1038 2640 1131 2704 illius
1155 2638 1297 2705 misellae

158 2755 162 2761 '
257 2743 970 2810 etmatrimonioetfamaeserviendumest.
1018 2742 1137 2822 Quid?
1185 2744 1299 2808 Cicero

203 2863 233 2908 ao
255 2870 347 2913 meus
365 2849 447 2933 quid
463 2850 566 2936 aget?
589 2850 652 2914 iste
669 2871 748 2914 vero
765 2850 811 2912 sit
837 2850 871 2912 in
901 2849 978 2912 sinu
1006 2869 1137 2932 semper
1153 2856 1189 2914 et
1215 2867 1296 2913 oom-

257 2953 361 3037 plexu
387 2974 469 3017 meo.
516 2953 592 3017 Non
620 2975 708 3038 queo
736 2953 833 3037 plura
864 2954 929 3015 iam
961 2952 1126 3017 seribere:
1162 2950 1300 3038 impedit

257 3077 392 3121 maeror.
442 3055 496 3120 Tu
513 3056 595 3141 quid
613 3058 732 3143 egeris,
750 3058 882 3122 neseio:
909 3065 1024 3120 utrum
1040 3056 1171 3141 aliquid
1187 3065 1297 3123 teneas

212 3161 233 3220 4
254 3182 307 3235 an,
322 3159 414 3244 quod
428 3168 550 3236 metuo,
565 3162 663 3246 plane
676 3163 722 3225 sis
735 3162 900 3245 spoiliata.
941 3161 1110 3237 Pisonem,
1123 3169 1164 3226 ut
1174 3161 1297 3232 scribis,

257 3285 353 3348 spero
370 3262 440 3328 fore
456 3286 586 3349 semper
602 3273 764 3330 nostrum.
810 3265 862 3330 De
879 3265 1007 3330 familia
1023 3266 1196 3331 liberanda
1218 3262 1297 3330 nihil

203 3383 232 3428 as
255 3367 414 3452 estquod
431 3375 464 3432 te
480 3377 634 3432 moveat:
659 3371 803 3454 primum
822 3371 889 3433 tuis
905 3371 953 3434 ita
970 3371 1173 3454 promissum
1189 3379 1249 3447 est,
1266 3375 1295 3430 te

257 3471 421 3536 facturam
438 3493 520 3561 esse,
538 3475 737 3559 utquisque
759 3482 847 3539 esset
869 3475 1032 3549 meritus3
1056 3483 1108 3540 est
1131 3483 1243 3540 autem
1265 3473 1295 3535 in

257 3576 365 3641 officio
390 3576 498 3641 adhue
528 3577 692 3662 Orpheus,
710 3586 879 3663 praeterea
907 3590 1029 3666 magno
1057 3600 1154 3664 opere
1182 3590 1294 3648 nem03

256 3689 443 3745 ceterorum
469 3704 642 3746 servorum
669 3704 708 3747 ea
735 3705 834 3747 causa
861 3691 921 3759 est,
947 3687 996 3759 ut,
1025 3684 1053 3748 si
1081 3705 1132 3747 res
1160 3705 1179 3747 a
1205 3679 1293 3746 nobis

256 3784 389 3861 abisset,
406 3786 517 3850 liberti
534 3787 640 3850 nostri
665 3794 787 3861 essent,
804 3787 832 3849 si
857 3787 1006 3849 obt-inere
1031 3787 1231 3868 potuissent,
1246 3783 1292 3848 sin
