2800 4367
489 325 571 381 cnr.
594 326 651 391 er,
675 328 690 390 s
713 325 800 378 rear.
1133 308 1196 376 105

71 494 195 577 diceS,
212 500 262 564 ita
288 498 446 566 flectebar
469 500 581 564 animo
607 506 711 584 atque
738 498 926 586 frangebar,
943 505 983 564 ut
1008 498 1074 562 iam
1101 520 1143 563 ex

72 605 265 679 memoria,
292 625 376 688 quas
404 603 485 666 mihi
510 604 581 688 ipse
608 602 734 667 fecerat
759 601 908 679 insidias,
934 602 1144 688 deponerem,
1169 619 1198 666 ιο

74 707 218 769 utiam
239 709 416 771 inmissum
441 729 512 772 esse
540 706 582 771 ab
606 729 646 772 eo
671 706 710 771 O.
728 706 933 800 Cornelium,
950 708 1010 792 qui
1034 730 1087 774 me
1110 709 1145 772 in

76 810 178 874 meis
203 809 352 887 sedibus,
369 813 406 874 in
432 819 615 895 conspectu
643 812 759 876 uxoris
786 833 825 876 ac
852 810 1034 876 liberorum
1061 834 1146 878 meo·

78 936 170 977 rum
205 914 400 991 trucidaret,
431 914 654 980 obliviscerer.
717 915 813 994 Quae
843 917 872 980 si
913 915 954 980 de
985 938 1054 980 uno
1093 939 1144 982 me

81 1020 291 1105 cogitasset,
316 1040 383 1103 qua
415 1019 559 1082 mollitia
585 1041 661 1083 sum
687 1021 790 1082 animi
815 1041 853 1084 ac
879 1021 1027 1097 lenitate,
1053 1043 1146 1085 nunr-

83 1145 200 1207 quam
216 1122 406 1188 mehercule
426 1123 517 1187 illius
533 1123 678 1187 lacrimis
695 1145 733 1187 ac
751 1125 904 1210 precibus
927 1127 1144 1202 restitissem3
1169 1142 1197 1186 15

83 1226 154 1290 sed
187 1249 264 1291 curn
296 1227 377 1290 mihi
410 1228 547 1312 patriae,
578 1248 655 1292 cum
688 1237 877 1292 vestrorum
908 1230 1142 1314 periculorum,
1160 1234 1197 1295 19

85 1354 173 1396 cum
196 1332 297 1397 huius
320 1332 422 1409 urbis,
440 1353 518 1397 cum
539 1332 673 1396 illorum
697 1331 914 1397 delubrorum
936 1341 1039 1418 atque
1066 1342 1147 1399 tem-

86 1437 240 1520 plorum,
272 1458 349 1500 cum
379 1458 561 1522 puerorum
592 1435 785 1514 infantium,
815 1458 892 1501 cum
920 1446 1145 1502 matronarum

87 1562 130 1603 ac
148 1542 323 1628 virginum
340 1540 497 1605 veniebat
512 1542 544 1603 in
564 1549 721 1616 mentem,
738 1548 774 1605 et
798 1563 875 1605 cum
900 1541 976 1606 illae
1003 1541 1144 1606 infestae

89 1666 130 1708 ac
148 1643 305 1709 funestae
322 1644 412 1709 faces
428 1646 692 1730 unlversumquc
711 1646 815 1710 totius
832 1644 923 1709 urbis
942 1644 1145 1722 incendium,
1168 1661 1198 1706 ao

90 1770 171 1812 cum
184 1748 262 1824 tela,
271 1770 346 1812 cum
358 1748 487 1822 caedes,
496 1771 573 1813 cum
583 1750 708 1813 civium
721 1770 827 1825 cruor,
837 1770 914 1812 cum
925 1750 1007 1812 cinis
1020 1751 1144 1834 patriae

91 1853 221 1917 versari
246 1860 325 1917 ante
354 1854 467 1918 oculos
494 1861 596 1937 atque
622 1853 771 1916 animum
790 1853 960 1916 'memoria
991 1853 1144 1918 refricare

92 1964 262 2041 coeperat,
280 1966 353 2023 turn
369 1956 515 2042 denique
541 1959 571 2021 ci
599 1957 803 2033 resistebam,
821 1978 930 2042 neque
957 1957 1068 2022 solum
1095 1958 1144 2020 illi

93 2062 186 2127 hosti
217 2084 255 2127 ac
286 2061 480 2147 parricidae,
512 2061 572 2127 sed
602 2062 654 2126 his
682 2063 784 2126 etiam
812 2063 1008 2146 propinquis
1042 2063 1144 2138 illius,

95 2166 278 2243 Marcellis,
296 2167 382 2252 patri
398 2173 433 2232 et
448 2167 526 2243 filio,
544 2188 688 2251 quorum
705 2167 791 2230 alter
806 2164 896 2250 apud
918 2187 969 2230 me
998 2167 1145 2249 parentis
1168 2186 1197 2230 as

94 2272 309 2357 gravitatem,
330 2271 417 2335 alter
433 2271 491 2334 filii
516 2272 719 2335 suavitatem
742 2269 933 2356 optinebat;
960 2291 1069 2355 neque
1094 2292 1144 2334 rne

96 2374 281 2439 arbitrabar
295 2376 366 2439 sine
391 2397 523 2439 summo
549 2375 672 2440 scelere
700 2396 807 2458 posse,
826 2373 918 2459 quod
946 2374 1146 2438 maleficium

97 2480 131 2542 in
147 2479 222 2543 aliis
239 2477 470 2555 vindicassem,
489 2478 576 2544 idem
593 2480 628 2542 in
646 2479 778 2558 illorum
796 2479 896 2555 sooi0,
913 2500 989 2542 cum
1016 2480 1144 2554 scirem,

98 2582 288 2648 defendere.
349 2583 467 2669 Atque
499 2582 586 2648 idem
618 2606 681 2670 ego
712 2605 822 2668 neque
853 2583 890 2646 P.
916 2581 1046 2647 Sullam
1069 2587 1198 2670 sup20

98 2688 218 2772 plicem
235 2686 321 2752 ferre
347 2709 456 2773 neque
484 2686 619 2791 eosdem
647 2688 824 2752 Marcellos
853 2709 912 2771 pro
940 2686 1040 2752 huius
1064 2688 1147 2771 peri·
1169 2699 1199 2743 ³⁰

99 2792 183 2856 culis
211 2791 421 2857 lacrimantes
451 2793 597 2877 aspicere
624 2814 734 2877 neque
764 2792 864 2856 huius
893 2791 940 2854 M.
959 2791 1145 2869 Messallae,

99 2896 242 2959 hominis
260 2897 447 2972 necessarii,
465 2919 578 2981 preces
595 2897 761 2962 sustinere
784 2897 898 2981 potui;
923 2917 1032 2980 neque
1057 2897 1146 2960 enim

101 3008 151 3065 est
166 3021 266 3064 causa
280 2999 457 3064 adversata
484 3009 632 3078 naturae,
650 3022 711 3065 nec
737 3000 835 3064 homo
862 3022 923 3064 nec
950 3021 1001 3064 res
1025 3001 1147 3063 miseri-

102 3105 228 3170 cordiae
246 3127 337 3170 rneae
366 3107 578 3192 repugnavit.
625 3105 802 3190 Nusquam
829 3127 961 3182 nomen,
978 3126 1146 3188 nusquam

104 3210 281 3295 vestigium
312 3209 432 3284 fuerat,
464 3210 597 3273 nullum
628 3211 764 3286 crimen,
797 3210 930 3272 nullum
966 3207 1138 3285 indicium,
1169 3221 1198 3265 35

105 3314 194 3377 nulla
215 3314 372 3398 suspicio.
418 3312 559 3398 Suscepi
581 3335 727 3391 causam,
746 3315 927 3398 Torquate,
950 3314 1092 3397 suscepi,
1111 3321 1147 3377 et

106 3416 165 3481 feci
189 3416 340 3492 libenter,
359 3425 399 3481 ut
425 3440 488 3494 me,
506 3439 606 3502 quem
632 3417 712 3481 boni
739 3425 959 3494 constantem,
977 3424 1017 3481 ut
1039 3439 1144 3501 spere,

107 3542 228 3605 semper
244 3522 504 3597 existimassent,
522 3521 668 3586 eundem
685 3543 727 3586 ne
750 3521 891 3606 improbi
916 3519 1052 3606 quidem
1076 3543 1148 3586 cru·

109 3623 208 3689 delem
223 3624 383 3691 dicerent.

148 3748 206 3794 vn.
254 3731 321 3796 Hic
336 3733 385 3796 ait
399 3753 434 3796 se
451 3733 518 3807 ille,
537 3731 675 3808 iudices,
692 3752 833 3817 reguum
848 3753 960 3794 meum
981 3729 1067 3796 ferre
1082 3753 1147 3795 non
1161 3736 1198 3797 21

112 3854 205 3918 posse.
253 3834 355 3916 Quod
364 3835 510 3912 tandem,
523 3836 704 3920 Torquate,
716 3835 882 3921 regnum?
927 3833 1145 3910 Consulatus,
