2800 4367
217 335 280 399 194
558 349 629 398 ruo
652 349 682 398 r.
708 348 835 398 susrio
859 347 1008 396 ona'no.

218 537 246 581 10
267 521 451 584 existimari
469 519 658 583 ‹tomis-ilius
681 541 719 582 ae
744 519 838 582 bonis
863 519 984 582 vestris
1009 517 1104 592 falsa
1121 517 1176 580 sed
1199 518 1296 600 putari

269 631 391 698 tamen,
418 625 666 687 coniuratorum
694 625 806 707 copias
834 629 963 688 veteres
992 629 1027 686 et
1053 620 1187 684 effusam
1217 621 1294 682 illam

268 747 305 788 ae
322 725 527 809 dissupatam
545 726 711 788 Catilinae
731 726 944 808 inportunam
962 745 1097 810 manum
1121 745 1201 786 novo
1223 722 1295 785 duee
1344 700 1345 780 l

269 837 303 892 et
341 831 508 912 insperata
546 830 806 892 commutatione
846 849 956 892 rerum
995 849 1066 891 esse
1105 835 1296 890 renovatam:

216 934 348 998 43haeo
374 955 450 996 enm
477 933 635 1008 viderem,
653 932 737 1017 quid
763 954 905 1018 agerem,
931 931 1084 996 iudices?
1129 930 1199 994 Soio
1221 931 1297 992 enim

218 1055 245 1098 15
268 1047 341 1100 tum
358 1058 423 1100 nou
442 1037 522 1100 mihi
540 1045 690 1102 vestrum
707 1037 868 1114 studium,
882 1036 942 1101 sed
961 1059 1070 1100 meum
1088 1057 1184 1120 prope
1201 1041 1299 1098 vestro
1345 1066 1346 1110 r

268 1141 425 1205 defuisse.
481 1141 728 1206 Contenderem
757 1148 873 1210 contra
901 1141 1074 1205 tribunum
1098 1141 1141 1224 pl.
1164 1140 1300 1223 privatus

267 1245 393 1308 arinis?
439 1246 609 1309 l'ioisseut
640 1246 794 1330 inprobos
821 1245 909 1321 lioni,
931 1245 1033 1308 fortes
1060 1245 1192 1315 inertis;
1216 1243 1302 1305 iuter-

262 1347 377 1412 'feotus
404 1358 493 1413 esset
520 1350 558 1424 is,
587 1351 646 1434 qui
678 1350 738 1414 hae
771 1372 837 1412 una
870 1347 1036 1414 medicina
1066 1349 1136 1412 sola
1164 1347 1302 1431 potuita

267 1454 315 1517 rei
339 1453 493 1536 publicae
519 1461 613 1537 peste
639 1453 783 1538 depelli3
809 1453 891 1539 quid
917 1452 1062 1517 deiude?
1086 1453 1162 1536 quis
1186 1451 1302 1533 reliqua

215 1572 246 1617 ao
268 1557 476 1642 praestaret?
500 1559 555 1620 oui
572 1557 718 1642 donique
736 1566 808 1623 erat
824 1557 975 1633 dubium,
993 1557 1076 1642 quin
1101 1556 1155 1620 ille
1179 1555 1301 1639 sanguis
1346 1543 1347 1550 ἵ

267 1659 477 1736 tribunicius,
495 1661 589 1724 nullo
606 1663 801 1746 praesertim
827 1661 960 1746 publico
985 1661 1125 1724 oonsilio
1149 1657 1301 1744 profusus,

267 1765 421 1828 corisules
450 1765 576 1829 ultores
604 1774 638 1829 et
665 1765 856 1830 defensores
885 1779 973 1830 esset-
1003 1763 1203 1828 habiturus?
1236 1784 1301 1826 oum

268 1867 406 1952 quidam
423 1869 456 1929 in
473 1871 628 1932 contione
646 1869 788 1934 dixisset
804 1879 863 1934 aut
880 1869 960 1932 milii
979 1869 1083 1933 semel
1107 1866 1301 1952 pereundum

267 1978 327 2034 aut
353 1971 403 2035 bis
428 1993 498 2036 esse
519 1973 735 2037 vincendum.
782 1973 875 2052 Quid
900 1981 972 2038 erat
996 1973 1046 2037 bis
1069 1971 1227 2036 vincere?
1271 1969 1302 2032 Id
1347 1975 1348 1984 ’

216 2090 245 2135 25
267 2073 427 2158 profecto,
457 2083 504 2152 ut,
537 2097 612 2140 oum
644 2078 873 2142 amentissimo
905 2077 1041 2141 tribuno
1072 2077 1117 2161 pl.
1150 2076 1178 2141 si
1207 2075 1302 2140 decer·

270 2187 403 2254 tassern,
420 2201 496 2243 oum
513 2181 707 2246 consulibus
732 2183 920 2266 ceterisque
944 2183 1016 2246 eius
1042 2180 1206 2247 ultoribus
1222 2179 1302 2242 dimi-

215 2284 387 2347 440a1em.
435 2284 508 2371 Ego
537 2308 625 2361 vere,
656 2286 711 2350 vel
735 2287 763 2348 si
789 2285 999 2370 pereundum
1029 2285 1149 2349 luisset
1180 2305 1216 2347 ao
1245 2303 1301 2346 non

268 2387 462 2471 accipienda
490 2391 589 2476 plaga
616 2391 698 2453 mihi
726 2390 893 2466 sanabilis,
911 2391 960 2453 illi
990 2388 1171 2474 mortifera,
1190 2388 1246 2472 qui
1265 2388 1302 2449 in·

268 2493 445 2575 posuisset,
462 2495 565 2558 semel
581 2496 688 2579 pen're
707 2502 827 2568 tamen,
847 2494 983 2568 iudices,
1002 2493 1194 2557 maluissem
1214 2512 1300 2576 quam

216 2609 246 2654 30
268 2593 317 2657 bis
334 2597 476 2659 vincere.
525 2597 607 2660 Erat
623 2599 711 2661 enim
729 2599 786 2660 illa
803 2599 906 2662 altera
924 2599 996 2662 eius
1019 2595 1108 2660 modi
1133 2596 1299 2667 eontentio,

270 2705 308 2760 ut
332 2720 441 2783 neque
470 2701 552 2763 vieti
584 2723 692 2787 neque
726 2705 868 2767 viatores
900 2723 968 2766 rem
1001 2700 1170 2784 publicam
1203 2709 1298 2764 tenero

269 2823 451 2884 possemus.
499 2802 602 2881 Quid,
620 2806 645 2866 si
664 2806 698 2865 iu
723 2807 829 2887 prima
845 2806 1060 2870 contentione
1079 2805 1112 2868 vi
1137 2803 1299 2868 tribunicia

271 2907 381 2970 victus
412 2908 445 2968 in
479 2906 551 2969 foro
579 2928 654 2970 oum
686 2909 802 2971 multis
841 2909 933 2972 bonis
965 2911 1046 2974 viris
1074 2905 1298 2972 concidissenl

270 3007 430 3072 Senatum
462 3011 626 3085 eonsules,
656 3011 765 3088 oredo,
797 3021 978 3088 vocassent,
1007 3035 1107 3097 quem
1140 3019 1248 3075 totum
1268 3009 1297 3072 de

217 3128 245 3172 35
268 3114 403 3176 civitate
432 3111 601 3189 delerant3
636 3115 678 3178 ad
706 3138 796 3180 arma
821 3097 1006 3192 vocassent,
1032 3117 1091 3201 qui
1119 3138 1160 3179 ue
1190 3117 1296 3180 vest'tu

270 3215 407 3299 quidem
438 3216 574 3281 delendi
605 3241 675 3283 rem
707 3221 871 3304 publicam
904 3222 1088 3295 sissent3a
1112 3219 1246 3283 tribuno
1264 3217 1295 3303 pl.

270 3328 346 3402 post
370 3321 543 3384 interitum
567 3344 678 3386 meum
701 3323 929 3400 dissedissent,
955 3326 1014 3409 qui
1038 3323 1178 3389 eandem
1202 3323 1296 3388 horam

270 3445 362 3489 meae
394 3427 497 3509 pestis
529 3434 564 3490 et
593 3449 730 3490 suorum
762 3430 984 3511 praemiorum
1016 3451 1085 3492 esse
1117 3428 1294 3493 voluissent.

218 3529 258 3590 45
269 3542 332 3591 xx.
364 3529 480 3593 Unum
496 3530 577 3592 mihi
595 3531 741 3594 restabat
758 3531 852 3607 illud,
870 3532 961 3616 quod
977 3532 1117 3596 forsitan
1135 3554 1201 3596 uon
1219 3549 1295 3598 nemo

271 3634 323 3696 vir
338 3633 434 3698 fortis
451 3641 485 3697 et
501 3636 584 3698 aeris
601 3637 702 3698 animi
722 3637 899 3721 magnique
920 3636 1062 3700 dixerit:
1089 3637 1292 3706 ‘Restitisses

272 3757 501 3825 repugnasseS,
520 3748 661 3803 mortem
679 3762 832 3826 pugnans
850 3740 1056 3824 oppetisses.’
1105 3741 1154 3804 De
1179 3763 1242 3825 quo
1260 3745 1292 3810 te,

272 3847 315 3916 te,
332 3844 480 3926 inquam,
497 3845 614 3925 patria,
634 3852 737 3906 testor
760 3851 794 3906 et
810 3865 879 3918 voa,
897 3853 1034 3926 penates
1059 3845 1223 3929 patriique
1245 3841 1290 3913 dei,
