2800 4367
185 322 228 391 72
436 334 577 387 enarro
602 334 643 387 ru
665 332 881 387 carrarum
903 332 1056 387 rrarrs.

182 524 210 569 ar
234 508 410 595 patefacta,
434 516 604 593 comperta
626 514 709 573 suut
730 530 791 593 per
813 528 875 584 me,
900 506 995 572 vobis
1026 508 1093 571 iam
1116 528 1303 591 exponam
1381 463 1383 602 l

235 613 389 689 breviter,
413 612 574 692 Quirites,
600 620 647 689 ut,
671 619 706 676 et
720 619 849 697 quanta
862 619 899 677 et
920 633 1023 696 quam
1047 610 1239 675 manifesta
1264 620 1304 675 et
1381 617 1383 652 ³

234 738 303 803 qua
327 717 454 781 ratione
477 717 679 803 investigata
705 723 741 780 et
763 715 1004 801 comprehensa
1024 716 1103 793 sint,
1127 737 1204 792 vos,
1234 716 1301 800 qui
1381 716 1383 724 '

233 831 269 888 et
285 822 444 909 ignoratis
459 830 495 885 et
510 820 704 905 expectatis,
720 821 805 885 scire
822 819 967 904 possitis.

181 942 211 988 25
277 926 448 1010 Principio
471 932 511 989 ut
534 924 681 989 Catilina
711 925 827 1008 paucis
849 931 928 990 ante
960 922 1079 989 diebus
1104 925 1226 1009 erupit
1250 947 1298 989 ex

235 1030 326 1107 urbe,
357 1051 434 1095 cum
464 1028 598 1095 sceleris
629 1028 682 1093 sui
719 1029 827 1093 socios
865 1027 1006 1094 huiusce
1044 1027 1166 1092 nefarii
1206 1028 1298 1093 belli

232 1136 409 1199 acerrimos
448 1133 550 1199 duces
590 1134 714 1198 Rornae
746 1133 947 1217 reliquisset,
980 1154 1111 1217 semper
1140 1134 1297 1219 vigilavi
1381 1207 1383 1229 Ι

233 1248 268 1303 et
283 1237 425 1323 providi,
444 1237 605 1317 Quirites,
622 1259 723 1322 quern
746 1237 789 1301 ad
812 1236 949 1301 modum
973 1237 1008 1301 in
1034 1238 1136 1300 tantis
1153 1245 1189 1301 et
1215 1245 1295 1301 tam

231 1342 435 1415 absconditis
452 1341 581 1406 insidiis
598 1342 683 1406 salvi
698 1364 771 1406 esse
792 1363 972 1426 possemus.
1022 1359 1061 1404 11.
1093 1340 1180 1404 Nam
1197 1349 1295 1418 tum,

233 1469 310 1512 cum
326 1469 368 1511 ex
385 1446 465 1511 urbe
482 1444 663 1510 Catilinam
680 1445 838 1511 eiciebam
857 1448 947 1529 <non
968 1446 1058 1509 enim
1081 1446 1146 1508 iam
1163 1467 1296 1510 vereor

232 1549 332 1615 huius
364 1550 457 1615 verbi
488 1549 660 1626 iuvidiam,
694 1571 770 1613 cum
802 1549 861 1613 illa
892 1550 999 1634 magis
1036 1550 1083 1613 sit
1119 1550 1293 1625 timenda,

189 1660 194 1667 '
232 1654 324 1739 quod
347 1655 446 1720 vivus
471 1654 622 1735 exierit),
648 1652 816 1729 sedtum,
842 1675 918 1717 cum
944 1654 1040 1717 illurn
1064 1655 1294 1718 exterminari

195 1758 397 1835 svclebam,
429 1766 489 1821 aut
518 1758 682 1841 reliquam
714 1758 965 1821 coniuratorum
1005 1779 1141 1822 manum
1179 1759 1292 1822 simul

233 1864 399 1927 exituram
428 1869 488 1925 aut
518 1862 669 1946 eosqui
704 1862 918 1937 restitissent,
943 1860 1092 1926 infirmos
1121 1863 1193 1927 sine
1221 1863 1289 1926 illo

191 1968 270 2031 lac
302 1966 428 2032 debiles
460 1965 530 2029 fore
561 1964 728 2050 putabam.
778 1965 894 2049 Atque
926 1987 987 2051 ego
1019 1972 1059 2028 ut
1089 1965 1170 2042 vidi,
1194 1988 1289 2050 quos

232 2073 376 2135 maximo
409 2070 521 2134 furore
553 2077 588 2133 et
618 2071 741 2133 scelere
772 2092 844 2134 esse
877 2068 1100 2134 inflammatos
1124 2070 1286 2146 sciebam,

231 2198 287 2240 eos
312 2176 486 2240 nobiscum
510 2195 581 2237 esse
609 2179 643 2237 et
668 2174 793 2237 Romae
820 2176 1026 2250 remansisse,
1044 2176 1078 2238 in
1102 2197 1141 2239 eo
1165 2197 1287 2240 omnes
1340 2250 1343 2254 ,

180 2295 210 2340 10
231 2278 302 2343 dies
318 2286 500 2363 noctesque
521 2278 723 2360 consumpsi,
742 2285 791 2353 ut,
809 2278 892 2361 quid
914 2285 1062 2364 agerent,
1081 2279 1287 2363 quidmoli·

230 2389 357 2459 rentur,
396 2383 556 2447 sentirem
595 2402 632 2445 ac
672 2380 832 2458 viderem,
864 2390 913 2459 ut,
945 2383 1103 2467 quoniam
1142 2382 1284 2447 auribus

230 2488 350 2553 vestris
388 2494 525 2571 propter
568 2484 795 2551 incredibilem
837 2486 1104 2573 magnitudinem
1142 2487 1283 2551 sceleris

229 2593 390 2656 minorem
408 2590 506 2655 fidem
525 2590 650 2675 faceret
673 2591 779 2655 oratio
803 2613 887 2667 mea,
904 2614 973 2656 rem
998 2593 1044 2655 ita
1068 2591 1284 2675 comprehen-

229 2696 353 2774 derem,
377 2703 418 2760 ut
441 2703 513 2759 tum
537 2696 673 2761 demum
700 2697 820 2761 animis
846 2698 950 2761 saluti
974 2704 1102 2761 vestrae
1131 2695 1284 2780 provide:

179 2817 208 2864 15
230 2803 321 2880 retis,
337 2824 413 2867 curn
437 2801 543 2866 oculis
568 2801 775 2898 maleficium
794 2802 904 2886 ipsum
931 2801 1100 2867 videretis·
1147 2800 1280 2884 Itaque,
1381 2869 1382 2876 ,

229 2915 270 2973 ut
296 2907 441 2992 comperi
469 2907 597 2993 legatos
630 2905 855 2991 Allobrogum
887 2905 967 2969 belli
998 2904 1214 2988 Transalpini
1244 2912 1282 2967 et
1381 2913 1382 2996 l

230 3014 398 3077 tumultus
430 3010 553 3076 Gallici
583 3010 755 3077 excitandi
786 3031 886 3074 causa
916 3031 935 3071 a
966 3008 1005 3070 P.
1030 3007 1176 3071 Lentulo
1208 3030 1279 3073 esse
1381 3023 1382 3072 Τ

229 3115 436 3193 sollicitatos,
453 3139 577 3201 eosque
594 3118 629 3180 in
646 3113 791 3178 Galliam
817 3111 857 3175 ad
884 3132 962 3175 sues
986 3109 1069 3173 civis
1093 3095 1278 3197 eodemque

229 3220 349 3283 itinere
380 3242 456 3285 cum
488 3221 610 3284 litteris
643 3215 876 3299 mandatisque
916 3212 958 3276 ad
994 3210 1176 3277 Catilinam
1206 3238 1277 3280 esse

177 3338 208 3385 20
230 3324 357 3401 missos,
374 3324 596 3407 comitemque
621 3322 661 3384 iis
686 3318 885 3382 adiunctum
902 3338 973 3381 esse
992 3315 1031 3379 T.
1050 3314 1276 3395 Volturcium,

129 3448 133 3457 ·
229 3436 331 3513 atque
348 3428 425 3491 huic
441 3449 512 3492 esse
537 3425 578 3489 ad
598 3424 781 3488 Catilinam
803 3420 898 3485 datas
922 3420 1063 3498 litteras,
1081 3419 1277 3487 facultatem
1300 3460 1303 3463 ·
1381 3431 1382 3484 l

229 3533 311 3597 mihi
327 3532 470 3597 oblatam
486 3530 614 3615 putavi,
632 3535 680 3605 ut,
698 3526 792 3611 quod
816 3533 887 3590 erat
901 3524 1158 3603 difficillimum,
1175 3526 1277 3610 quod-

226 3657 292 3723 que
309 3622 371 3723 ego
395 3657 525 3719 semper
549 3633 705 3719 optabam
730 3630 773 3695 ab
800 3631 851 3695 dis
880 3631 1125 3707 inmortalibus
1144 3636 1183 3692 ut
1206 3638 1276 3693 tcta

230 3763 282 3807 res
313 3763 380 3805 non
410 3740 521 3804 solum
552 3761 657 3816 ame,
681 3736 741 3803 sed
768 3736 868 3800 etiam
893 3758 913 3800 a
939 3744 1059 3801 senatu
1084 3743 1119 3799 et
1140 3755 1161 3797 a
1184 3734 1275 3798 vobis

199 3844 408 3913 5manifest0
438 3843 752 3929 deprehenderetur.
813 3841 933 3925 Itaque
964 3840 1122 3904 hesterno
1153 3836 1206 3900 die
1238 3837 1274 3898 L.
