2800 4367
172 340 232 407 '30
510 356 582 407 rao
604 356 636 407 u.
658 357 818 408 unauna
840 358 990 408 orario.

201 529 305 591 uiam
330 529 364 590 in
389 535 523 613 portum
546 551 588 593 ex
610 529 679 593 alto
702 529 920 604 invehuntur,
943 530 1133 615 praecipere
1155 552 1292 595 summo

240 630 354 696 studio
378 631 489 695 solent
509 638 545 696 et
569 639 809 717 tempestatum
836 633 1001 698 rationem
1023 641 1059 698 et
1080 634 1292 719 praedonum

241 744 276 800 et
298 735 457 812 locorum,
485 734 577 819 quod
607 744 729 801 natura
751 737 828 814 fert,
860 746 900 801 ut
930 739 978 802 eis
1010 738 1197 814 faveamus,
1229 740 1291 824 qui

241 839 355 903 eadem
386 840 542 923 pericula,
574 841 696 925 quibus
727 864 788 906 nos
819 842 989 926 perfuncti
1021 865 1149 919 sumus,
1181 844 1292 929 ingre-

241 944 386 1020 diantur,
417 966 485 1029 quo
516 945 652 1009 tandem
688 969 741 1011 me
776 969 848 1011 esse
879 948 990 1011 animo
1021 954 1155 1032 oportet
1184 970 1291 1033 prope

201 1050 306 1112 abiam
336 1070 377 1113 ex
410 1071 530 1135 magna
560 1051 737 1115 iactatione
768 1060 890 1115 terram
922 1050 1095 1115 videntem
1125 1052 1161 1114 in
1186 1051 1290 1128 hunc,

241 1154 296 1217 cui
334 1153 432 1218 video
470 1154 629 1218 maximas
669 1156 717 1221 rei
755 1155 908 1240 publicae
947 1158 1171 1240 tempestates
1215 1178 1290 1221 esse

242 1256 457 1322 subeundas?
504 1258 627 1337 Quare,
658 1260 688 1323 si
719 1267 771 1323 est
795 1258 873 1325 boni
904 1261 1052 1325 consulis
1084 1282 1151 1325 non
1177 1260 1291 1324 solnm

242 1361 365 1437 videre,
405 1362 487 1446 quid
519 1370 648 1448 agatur,
680 1385 797 1427 verum
836 1365 938 1428 etiam
975 1364 1162 1448 providere,
1203 1364 1292 1449 quid

242 1464 397 1529 futurum
434 1467 488 1542 sit,
520 1466 694 1530 ostendam
732 1468 799 1531 alio
836 1468 920 1544 loeo,
961 1475 1128 1553 quantum
1167 1469 1291 1532 salutis
1388 1551 1390 1558 ‚

201 1586 230 1630 aa
241 1571 426 1634 communis
443 1572 576 1635 intersit
594 1571 678 1635 duos
694 1572 849 1637 eonsules
865 1574 901 1635 in
916 1595 951 1636 re
966 1572 1102 1656 publiea
1126 1572 1291 1637 Kalendis

205 1674 404 1739 dlanuariis
421 1696 502 1739 esse.
550 1674 695 1752 Quodsi
721 1676 768 1740 ita
792 1684 855 1752 est,
880 1698 948 1741 non
973 1685 1042 1741 tam
1065 1698 1118 1740 me
1141 1675 1290 1740 officium

241 1777 359 1841 debuit
388 1778 429 1841 ad
454 1778 597 1843 hominis
628 1780 727 1843 amici
757 1780 910 1844 fortunas
941 1801 1044 1865 quam
1073 1802 1126 1845 res
1153 1780 1290 1864 publiea

238 1882 411 1945 consulem
427 1882 470 1945 ad
486 1904 695 1947 communem
719 1885 864 1948 salutem
888 1883 1132 1948 defendendam
1157 1905 1286 1949 voeare.

242 2003 294 2047 111.
319 1985 402 2048 Nam
428 1986 520 2069 quod
541 1987 650 2072 legem
674 1987 715 2051 de
738 1988 868 2052 ambitu
891 1988 965 2063 tuli,
978 1996 1068 2052 certe
1090 1988 1139 2051 ita
1156 1988 1232 2064 tuli,
1248 1995 1291 2051 ut

241 2111 322 2164 eam,
340 2110 441 2173 quam
457 2090 610 2154 mihimet
625 2092 687 2175 ipsi
706 2092 917 2175 iampridem
933 2092 1076 2155 tuleram
1096 2090 1138 2155 de
1161 2092 1287 2156 civium

242 2194 399 2278 periculis
415 2192 644 2271 defendendis,
662 2217 729 2258 non
745 2196 948 2281 abrogarem.
994 2196 1140 2271 Etenim,
1153 2197 1182 2260 si
1192 2196 1289 2282 largi·
1305 2243 1307 2246 .

242 2300 367 2362 tionem
389 2298 513 2362 factam
530 2320 600 2363 esse
625 2299 801 2363 confiterer
824 2299 925 2383 idque
948 2306 1038 2364 reete
1063 2299 1193 2363 fantum
1215 2322 1288 2365 esse

215 2402 466 2479 udefenderem,
491 2402 636 2467 faeerem
660 2402 818 2486 improbe,
843 2404 973 2467 etiamsi
995 2404 1081 2467 alius
1104 2404 1214 2489 legem
1237 2410 1289 2468 tu-

241 2508 353 2581 lisset3
380 2528 457 2571 oum
481 2529 560 2571 vero
583 2507 669 2570 nihil
698 2508 910 2571 commissum
935 2515 1053 2571 contra
1078 2508 1189 2594 legem
1215 2530 1288 2573 esse

241 2610 428 2687 defendam,
446 2610 528 2695 qnid
544 2618 605 2687 est,
622 2610 715 2696 quod
731 2632 837 2675 meam
852 2610 1082 2677 defensionem
1097 2613 1179 2677 latio
1202 2613 1288 2699 legis

205 2718 224 2781 6
239 2714 426 2799 impediat?
471 2715 522 2778 At
533 2724 636 2801 negat
646 2736 718 2779 esse
734 2715 883 2780 eiusdem
899 2717 1087 2781 severitatis
1104 2715 1287 2780 Catilinam

241 2820 382 2883 exitium
413 2820 461 2883 rei
491 2818 644 2903 publicae
675 2820 765 2883 intra
794 2820 924 2883 moenia
954 2820 1146 2883 molientem
1176 2820 1288 2885 verbis

201 2939 229 2984 10
241 2932 275 2988 et
305 2945 409 3007 paene
440 2924 580 3007 imperio
606 2944 648 2987 ex
681 2923 763 2987 urbe
790 2923 960 3007 expulisse
991 2931 1027 2987 et
1049 2944 1141 2986 nuno
1164 2944 1224 3007 pro
1247 2923 1287 2987 L.

242 3028 384 3091 Murena
414 3027 533 3091 disere.
591 3027 665 3113 Ego
696 3035 811 3092 autern
840 3026 899 3090 has
930 3028 1033 3112 partis
1064 3027 1214 3092 lenitatis
1252 3036 1288 3091 et

241 3132 494 3207 misericordiae,
511 3153 595 3216 quas
611 3154 664 3196 me
690 3140 810 3196 natura
835 3132 907 3215 ipsa
928 3130 1053 3207 docuit,
1077 3152 1210 3213 semper
1232 3132 1287 3217 egi

240 3236 391 3312 libenter,
412 3236 506 3300 illam
529 3258 608 3301 vero
631 3238 809 3323 gravitatis
831 3235 1088 3318 severitatisque
1110 3255 1287 3318 personam

241 3360 308 3401 non
335 3341 493 3424 appetivi,
522 3340 582 3405 sed
605 3340 647 3405 ab
672 3361 708 3403 re
730 3339 865 3424 publiea
892 3337 974 3400 mihi
1000 3338 1190 3420 impositam
1217 3357 1288 3399 sus-

201 3458 229 3503 15
240 3443 338 3518 tinui,
365 3445 454 3509 siout
480 3444 579 3507 huius
601 3444 731 3527 imperii
755 3442 902 3527 dignitas
925 3442 960 3502 in
982 3459 1113 3502 summo
1137 3438 1285 3522 periculo

240 3547 364 3612 oivium
381 3548 581 3632 postulabat.
629 3544 761 3625 Quodsi
780 3552 863 3620 tum,
881 3564 957 3606 eum
981 3564 1033 3607 res
1057 3539 1192 3626 publica
1215 3540 1284 3605 vim

240 3658 276 3716 et
295 3653 508 3716 severitatem
532 3648 751 3723 desiderabat,
774 3648 840 3713 vici
861 3654 1016 3711 naturam
1038 3653 1074 3711 et
1096 3653 1165 3710 tam
1189 3644 1286 3710 vehe-

240 3777 333 3820 mens
350 3754 411 3831 fni,
428 3776 529 3839 quam
545 3754 694 3840 cogebar,
713 3774 779 3817 non
796 3774 897 3839 quam
914 3752 1078 3829 volebam,
1094 3773 1185 3816 nuno
1208 3773 1283 3816 eum

240 3880 366 3924 omnes⁴
379 3881 431 3924 me
457 3879 574 3923 causae
599 3858 641 3921 ad
664 3858 924 3923 misericordiam
946 3865 1048 3943 atque
1071 3857 1114 3921 ad
1136 3857 1287 3921 humani-
