2800 4367
283 512 318 574 in
344 531 422 574 suas
451 509 604 573 civitates
630 506 674 572 ad
704 528 782 572 suos
810 506 911 572 Lares
936 505 1120 584 familiaris,
1147 507 1231 572 etin
1255 507 1314 573 illo

233 629 261 674 rs
282 613 450 679 communi
488 610 697 676 incommodo
736 611 831 674 nulla
870 611 905 673 in
947 633 1149 696 quemquam
1191 614 1315 697 propria

284 717 467 803 ignominia
498 715 695 780 nominatim
729 713 878 778 cadebat.
926 713 1000 778 Hoc
1038 736 1114 779 vero
1144 715 1314 800 quidest?

282 819 520 886 exterminabit
548 820 640 887 cives
667 819 834 884 Romanos
866 817 976 884 edicto
1000 819 1118 884 consul
1140 823 1164 882 a'
1180 821 1241 884 suis
1266 819 1316 884 dis

282 924 468 1009 penatibus
484 923 633 1009 expellet
655 944 698 988 ex
716 923 831 1007 patria,
849 921 987 1009 deliget,
1005 945 1106 1008 quem
1124 924 1218 1001 volet,
1233 923 1320 987 dam-

282 1028 376 1093 nabit
390 1036 492 1113 atque
508 1029 608 1093 eiciet
624 1027 847 1092 nominatim?
887 1026 960 1092 Hic
976 1028 1004 1092 si
1017 1049 1175 1112 umquam
1188 1050 1318 1106 reseca,

231 1134 448 1217 aquinum
472 1133 563 1208 estis,
579 1133 614 1194 in
639 1153 674 1195 re
699 1129 833 1215 publica
856 1129 927 1195 fore
952 1137 1113 1216 putasset,
1130 1133 1159 1196 si
1182 1131 1320 1216 deniqne

284 1237 462 1322 imaginem
478 1235 677 1300 iudiciorum
694 1241 756 1298 aut
770 1235 988 1299 simulacrum
1011 1235 1149 1320 aliquod
1174 1235 1321 1300 futurum

283 1342 319 1404 in
345 1341 481 1405 civitate
509 1340 672 1424 reliquom
700 1337 906 1416 credidisset,
929 1361 1091 1425 umquam
1117 1361 1218 1404 ausus
1239 1347 1323 1404 esset

283 1452 437 1510 senatum
463 1444 506 1508 de
534 1465 567 1508 re
598 1441 733 1528 publica
764 1443 893 1519 tollere,
919 1444 1072 1528 equitum
1103 1444 1322 1508 Romanorum

284 1569 398 1633 preces
413 1548 591 1632 aspernari,
605 1547 732 1611 civium
749 1546 894 1631 deniqne
911 1548 1060 1611 omnium
1077 1548 1173 1613 novis
1188 1555 1223 1612 et
1237 1549 1323 1612 inau-

156 1717 158 1719 ,
230 1670 260 1714 15
282 1652 361 1716 ditis
376 1651 496 1716 edictis
513 1652 565 1715 ius
581 1649 841 1734 libertatemque
859 1652 1072 1736 pervertere?

229 1760 268 1822 31
326 1756 401 1819 Etsi
416 1777 468 1819 me
484 1755 717 1818 attentissimis
733 1755 852 1819 animis
868 1777 1000 1820 summa
1021 1778 1097 1820 cum
1120 1755 1323 1843 benignitate

190 1849 201 1865 ’
282 1859 419 1934 auditis
439 1857 576 1934 iudices,
601 1864 712 1921 tamen
741 1879 866 1934 vereor,
894 1880 936 1922 ne
964 1859 1039 1942 quis
1067 1858 1153 1923 forte
1179 1867 1325 1924 vestrum

284 1966 432 2039 miretur,
449 1961 533 2047 quid
548 1962 629 2026 haec
644 1983 718 2026 mea
741 1963 846 2026 oratio
870 1969 938 2026 tam
962 1963 1062 2049 longa
1086 1971 1146 2027 aut
1170 1972 1239 2028 tam
1262 1965 1325 2028 alte

283 2069 425 2152 repetita
440 2067 533 2141 velit,
549 2073 610 2129 aut
629 2065 712 2149 qnid
736 2065 778 2128 ad
802 2065 840 2127 P.
858 2064 947 2134 Sesti
970 2087 1104 2130 cansam
1127 2088 1252 2144 eorum,
1269 2068 1326 2152 qui

230 2188 260 2232 ao
280 2180 359 2255 ante
375 2171 475 2234 huius
492 2169 702 2234 tribunatum
726 2191 794 2233 rem
819 2170 987 2254 publicam
1011 2179 1188 2248 vexarunt,
1206 2171 1326 2237 delicta

282 2278 482 2361 pertineant.
530 2273 615 2336 Mihi
632 2281 746 2338 antem
762 2273 824 2337 hoc
841 2275 1050 2358 propositum
1067 2282 1119 2338 est
1141 2277 1326 2350 ostendere,

282 2381 393 2444 omnia
418 2378 557 2444 consilia
584 2377 621 2440 P.
649 2376 737 2442 Sesti
768 2385 981 2462 mentemque
1006 2379 1112 2442 totius
1137 2379 1327 2444 tribunatus

282 2484 367 2548 hanc
383 2482 496 2559 luisse,
511 2490 551 2545 ut
565 2479 718 2546 adflictae
743 2489 778 2546 ct
801 2480 949 2566 perditae
975 2483 1022 2546 rei
1046 2481 1209 2566 publicae,
1227 2505 1329 2568 quan·

283 2596 354 2652 tum
371 2594 492 2672 posset,
506 2585 706 2651 mederetur.
752 2585 804 2650 Ac
817 2587 845 2649 si
861 2587 895 2648 in
912 2585 1120 2670 exponendis
1133 2588 1328 2652 vulneribus

229 2708 259 2754 aa
281 2693 348 2757 illis
363 2692 404 2758 de
421 2714 473 2756 me
491 2693 563 2776 ipso
579 2691 676 2775 plura
693 2690 801 2754 dicere
820 2689 966 2766 videbor,
984 2691 1196 2776 ignoscitote.
1244 2692 1328 2756 Nam

281 2804 317 2862 et
332 2798 424 2860 illam
440 2817 546 2861 meam
562 2794 691 2860 cladem
705 2815 764 2858 vos
780 2801 815 2858 st
830 2815 944 2858 omnes
959 2794 1038 2858 boni
1056 2795 1240 2860 maximum
1258 2818 1327 2862 esse
1365 2837 1366 2892 q

283 2903 329 2966 rei
345 2901 497 2985 publicae
514 2901 638 2964 vulnus
655 2897 838 2974 iudicastis,
852 2905 887 2962 et
903 2897 941 2961 P.
955 2897 1084 2964 Sestius
1100 2906 1152 2963 est
1167 2920 1246 2965 reus
1263 2923 1328 2965 11011
1365 2921 1366 2948 i

281 3027 353 3081 sno,
370 3004 428 3068 sed
444 3025 517 3068 meo
534 3005 688 3078 nomine3
714 3004 873 3088 quicum
899 3023 1031 3066 omnem
1056 3003 1127 3069 vim
1149 3005 1202 3068 sui
1228 3005 1330 3069 tribu·
1365 2997 1366 3074 l

283 3117 382 3172 natus
408 3108 442 3170 in
467 3129 540 3172 mea
567 3109 676 3172 salute
705 3107 960 3191 consumpserit,
984 3129 1120 3172 necesse
1144 3115 1197 3172 est
1221 3130 1329 3174 meam
1365 3101 1366 3172 ἒ

229 3229 260 3272 40
280 3233 413 3277 causam
440 3212 610 3296 praeteriti
633 3213 792 3295 temporis
815 3232 891 3275 cum
907 3210 1007 3275 huius
1031 3212 1200 3295 praesenti
1216 3211 1329 3278 defen·
1365 3197 1366 3202 ἵ

281 3317 373 3380 sione
389 3337 460 3380 esse
477 3316 700 3380 coniunctam.
778 3352 786 3367 κ

229 3423 270 3485 32
322 3437 399 3484 xrv.
424 3420 508 3484 Erat
523 3419 628 3505 igitur
648 3421 682 3482 in
708 3420 802 3483 luctu
826 3429 981 3495 senatus3
1005 3419 1183 3505 squalebat
1206 3422 1327 3487 civitas
1365 3479 1366 3482 ,

282 3524 416 3610 publico
428 3524 567 3588 consilio
580 3532 673 3588 veste
687 3531 817 3587 mutata
829 3547 837 3598 3
859 3524 991 3588 nullum
1005 3531 1077 3589 crat
1090 3521 1207 3590 ltaliae
1221 3527 1327 3590 muni·

281 3629 416 3712 cipium,
442 3628 535 3691 nulla
559 3621 698 3702 colonia,
719 3627 813 3689 nulla
836 3626 1057 3711 praefectura,
1082 3628 1177 3692 nulla
1200 3630 1325 3694 Romae
1365 3629 1366 3694 l

281 3733 422 3798 societas
447 3732 673 3818 vectigalium,
699 3731 831 3793 nullum
856 3732 1038 3818 collegium
1061 3739 1122 3796 aut
1144 3734 1325 3798 concilium

242 3844 340 3901 taut
369 3837 504 3900 omnino
535 3835 673 3918 aliquod
705 3855 879 3898 commune
912 3837 1100 3913 consilium,
1132 3837 1225 3922 quod
1253 3845 1323 3903 tum

233 325 296 391 188
580 334 652 386 rao
674 332 705 385 Ρ.
727 331 854 386 srsrio
876 332 1024 385 0111110.

1365 2760 1366 2832 l
