2800 4367
155 308 174 371 2
433 320 572 381 oanrro
596 320 636 369 nc
658 299 870 368 cn‘nminu
893 317 1020 369 rinna

206 491 387 555 iactantem
426 498 553 553 statum
595 492 641 554 rei
680 490 832 575 publicae
871 492 1023 575 privatus
1061 490 1253 567 interfecit3

207 594 386 658 Catilinam
411 593 523 657 orbem
547 600 652 658 terrae
678 594 777 658 caede
802 602 904 678 atque
930 594 1094 659 incendiis
1122 603 1253 659 vastare

206 700 396 783 cupientem
420 719 480 760 nos
504 698 659 762 consules
683 697 913 782 perferemus?
959 697 1045 761 Nam
1070 699 1128 761 illa
1154 698 1254 763 nimis

155 820 183 863 aa
206 804 345 886 antiqua
370 810 548 886 praetereo
574 802 666 887 quod
693 802 730 866 C.
754 802 916 867 Servilius
947 802 1056 866 Ahala
1083 802 1140 889 Sp.
1165 803 1254 868 Mac·

207 908 289 969 lium
313 908 407 970 novis
438 905 536 971 rebus
559 906 751 973 studentem
774 929 875 971 manu
898 929 960 971 sua
983 907 1115 972 occidit.
1162 908 1253 984 Fuit,

206 1011 274 1074 fuit
303 1012 366 1074 ista
397 1011 565 1095 quondam
596 1013 632 1075 in
663 1011 724 1076 hac
756 1034 789 1076 re
816 1012 950 1096 publica
977 1013 1094 1089 virtus,
1121 1021 1160 1077 ut
1190 1014 1253 1077 viri

207 1114 310 1179 fortes
340 1116 521 1180 acrioribus
555 1116 729 1200 suppliciis
761 1117 869 1180 civem
900 1118 1123 1201 perniciosum
1154 1139 1253 1201 quam

207 1218 455 1283 acerbissimum
486 1219 616 1283 hostem
651 1225 851 1284 coercerent.
908 1221 1078 1284 Habemus
1117 1227 1253 1285 senatus

157 1338 186 1381 30
208 1322 399 1387 consultum
430 1324 465 1385 in
496 1331 539 1399 te,
572 1323 728 1399 Catilina,
761 1324 940 1389 vehemens
971 1332 1005 1388 et
1042 1347 1154 1410 grave,
1186 1347 1254 1401 non

208 1425 303 1489 deest
331 1426 378 1490 rei
409 1426 561 1510 publicae
593 1428 769 1491 consilium
800 1449 910 1511 neque
942 1430 1122 1491 auctoritas
1152 1428 1253 1491 huius
1282 1413 1286 1417 ¹

208 1530 355 1606 ordinis3
398 1552 468 1607 nos,
488 1553 577 1607 nos,
617 1530 691 1595 dico
730 1541 852 1616 aperte,
892 1534 1045 1597 consules
1083 1532 1252 1597 desumus.

97 1692 99 1695 .
171 1636 243 1699 411.
292 1634 452 1699 Decrevit
483 1634 651 1719 quondam
676 1645 821 1711 senatus,
845 1645 884 1699 ut
909 1637 947 1699 L.
971 1636 1112 1720 Opimus
1136 1636 1253 1700 consul

209 1738 348 1814 videret,
373 1761 414 1803 ne
441 1740 524 1823 quid
547 1762 598 1804 res
621 1740 756 1824 publica
783 1740 976 1804 detrimenti
1004 1749 1155 1824 caperet,
1186 1762 1252 1803 nox

208 1842 302 1904 nulla
339 1842 552 1917 intercessit3
594 1842 791 1907 interfectus
830 1852 881 1907 cst
921 1851 1057 1926 propter
1094 1842 1254 1928 quasdam

208 1945 412 2009 seditionum
436 1947 640 2029 suspiciones
665 1945 704 2009 C.
734 1946 916 2021 Gracchus
939 1947 1121 2010 clarissimo
1148 1955 1253 2031 patre,

113 2098 114 2101 ,
171 2065 280 2125 save,
313 2050 499 2125 maioribus,
532 2051 660 2114 occisus
697 2058 749 2114 est
779 2073 856 2114 cum
887 2050 999 2114 liberis
1031 2051 1079 2113 M.
1111 2052 1253 2115 Fulvius

209 2155 400 2218 consularis.
449 2153 557 2217 Simili
584 2163 721 2219 senatus
754 2155 907 2218 consulto
940 2153 977 2217 O.
1012 2154 1119 2219 Mario
1151 2163 1185 2219 et
1215 2155 1252 2217 L.

210 2257 344 2323 Valerio
376 2258 568 2322 consulibus
607 2267 659 2323 est
693 2260 855 2343 permissa
892 2280 944 2322 res
983 2258 1134 2342 publica;
1173 2282 1254 2322 num

209 2384 314 2425 unum
339 2361 426 2426 diem
453 2373 568 2447 postca
595 2362 632 2425 L.
650 2362 871 2427 Saturninum
896 2362 1069 2426 tribunum
1096 2364 1141 2446 pl.
1165 2370 1199 2427 et
1216 2363 1253 2427 C.

209 2464 389 2530 Servilium
416 2473 600 2549 praetorem
635 2489 723 2530 mors
750 2489 787 2529 ac
815 2466 862 2529 rei
889 2465 1042 2549 publicae
1073 2488 1179 2550 poena
1209 2490 1256 2530 re-

86 2635 87 2638 ,
159 2582 187 2627 10
209 2578 335 2634 morata
366 2570 439 2635 est?
493 2571 543 2633 At
573 2592 633 2634 nos
665 2571 861 2635 vicesimum
892 2571 958 2632 iam
990 2569 1079 2633 diem
1109 2570 1256 2653 patimur

209 2674 385 2739 hebescere
415 2675 517 2738 aciem
547 2674 664 2738 horum
690 2674 908 2737 auctoritatis.
969 2673 1141 2740 Habemus
1166 2675 1255 2737 enim

209 2779 348 2843 huiusce
387 2777 476 2842 modi
514 2787 650 2842 senatus
689 2777 893 2852 consultum,
933 2799 1050 2842 verum
1086 2779 1254 2843 inclusum

210 2885 244 2947 in
276 2883 396 2948 tabulis
435 2890 596 2966 tanquam
627 2882 662 2943 in
694 2882 815 2967 vagina
854 2880 1074 2957 reconditum,
1107 2905 1174 2967 quo
1212 2905 1254 2947 ex

209 2996 344 3053 senatus
372 2985 523 3051 consulto
552 2984 730 3049 confestim
757 2992 790 3049 te
818 2984 1033 3049 interfectum
1059 3008 1140 3062 esse,
1167 2986 1257 3051 Cati-

160 3093 287 3166 rolina,
313 3091 480 3155 convenit.
529 3089 637 3164 Vivis,
666 3097 701 3153 et
728 3090 814 3153 vivis
846 3110 913 3152 non
941 3089 982 3153 ad
1013 3089 1254 3173 deponendam,

210 3194 268 3259 sed
299 3194 340 3257 ad
371 3192 629 3257 confirmandam
660 3192 842 3256 audaciam.
890 3192 1008 3278 Cupio,
1040 3202 1151 3278 patres
1182 3217 1256 3259 con-

210 3299 334 3382 scripti,
361 3319 412 3361 me
438 3318 508 3361 esse
535 3297 744 3373 clementem,
761 3298 859 3382 cupio
884 3290 919 3359 in
946 3298 1048 3361 tantis
1076 3299 1123 3361 rei
1150 3298 1256 3382 publi-

210 3423 266 3465 cae
291 3402 449 3485 periculis
476 3423 527 3466 me
553 3423 621 3465 non
648 3400 850 3465 dissolutum
876 3401 992 3477 videri,
1018 3401 1077 3465 sed
1107 3402 1171 3464 iam
1202 3424 1254 3464 me

174 3508 279 3589 5ipse
305 3506 443 3570 inertiae
471 3507 711 3591 nequitiaeque
734 3506 929 3571 condemno.
977 3504 1094 3569 Castra
1117 3505 1255 3571 suntin

160 3624 189 3668 ao
211 3609 309 3672 ltalia
334 3617 448 3673 contra
469 3602 631 3695 populum
658 3610 845 3674 Romanum
869 3611 904 3672 in
921 3610 1076 3673 Etruriae
1101 3607 1254 3671 faucibus

211 3712 391 3788 conlocata,
415 3714 532 3777 crescit
556 3714 590 3775 in
615 3712 685 3777 dies
716 3714 867 3798 singulos
899 3713 1044 3777 hostium
1076 3732 1255 3785 numerus3

212 3836 325 3879 eorum
335 3824 447 3879 autem
460 3824 643 3880 castrorum
661 3817 891 3899 imperatorem
908 3816 1094 3898 ducemque
1107 3814 1255 3877 hostium
