2800 4367
518 343 599 394 car.
626 343 680 405 1-3,
706 342 719 406 s
742 341 790 392 ae
1162 333 1203 399 87

90 515 198 600 quod
222 517 344 580 iterum
368 514 523 579 tribunus
546 513 651 599 plebis
669 513 741 578 fieri
764 515 884 592 voluit,
901 537 969 580 non
991 515 1029 581 O.
1053 515 1155 582 Grac·

91 620 199 697 chus,
216 619 309 704 quod
335 619 482 705 agrarios
510 619 676 683 concitare
704 627 846 684 conatus
868 628 929 696 est,
947 642 1014 684 non
1041 619 1078 684 L.
1101 621 1155 688 Sa·
1176 639 1206 684 aa

92 725 275 800 turninus,
297 723 389 808 quod
411 722 449 787 Ο.
474 723 671 787 Memmium
689 723 823 800 occidit,
843 724 879 787 in
900 723 1078 790 discrimen
1099 727 1155 790 aliss

92 827 200 912 quod
221 835 324 914 atque
346 829 382 891 in
406 834 537 893 vestrae
559 829 748 893 severitatis
771 827 933 893 iudicium
956 829 1153 908 adducitur3

93 939 266 997 tenentur
289 933 322 1008 ii,
346 933 406 1017 qui
432 932 476 996 ad
502 932 594 997 urbis
619 932 824 1011 incendium,
847 932 891 997 ad
915 941 1063 1000 vestram
1090 959 1155 1000 om·

93 1036 369 1114 nium'caedem,
391 1036 435 1101 ad
457 1036 640 1102 Catilinam
662 1037 897 1123 accipiendum
924 1039 1046 1105 Romae
1064 1043 1155 1106 resti-

95 1131 231 1218 terunt,
255 1149 414 1206 tenentur
435 1140 578 1218 litterae,
601 1142 707 1228 signa,
732 1163 861 1220 manus,
885 1142 1030 1228 denique
1054 1147 1154 1210 unius
1178 1160 1206 1206 ao

95 1247 271 1330 cuiusque
303 1243 484 1321 confessi03
517 1245 743 1310 sollicitantur
775 1247 987 1334 Allobroges,
1019 1251 1155 1315 servitia

95 1352 307 1427 excitantur,
325 1350 472 1415 Catilina
486 1351 684 1426 accersitum
710 1351 745 1415 id
761 1359 814 1416 est
829 1354 950 1417 initum
967 1355 1153 1431 consilium,

96 1463 144 1520 ut
161 1454 350 1548 interfectis
363 1455 516 1520 omnibus
533 1476 631 1520 nemo
648 1477 689 1520 ne
706 1455 749 1519 ad
764 1455 1006 1541 deplorandum
1018 1459 1155 1543 quidem

96 1559 222 1646 populi
255 1560 397 1624 Romani
427 1580 550 1624 nomen
581 1566 685 1643 atque
717 1559 760 1624 ad
790 1561 1038 1625 lamentandam
1069 1564 1155 1626 tanti
1178 1579 1208 1624 34

97 1664 237 1750 imperii
274 1663 499 1728 calamitatem
536 1663 759 1748 relinquatur.
819 1681 871 1728 111.
912 1665 1005 1730 Haec
1043 1668 1195 1733 omniab

98 1769 235 1834 indices
265 1767 472 1844 detulerunt,
499 1768 546 1832 rei
570 1767 716 1833 confessi
746 1775 838 1844 sunt,
864 1792 923 1834 vos
951 1771 1067 1835 multis
1090 1772 1157 1835 iam

99 1872 239 1937 iudiciis
263 1871 484 1948 iudicavistis,
506 1873 652 1957 primurn
676 1872 768 1958 quod
790 1873 872 1937 mihi
891 1875 1016 1960 gratias
1038 1875 1154 1961 egistis

100 1976 334 2064 singularibus
365 1974 475 2040 verbis
512 1983 548 2040 et
584 1999 657 2042 mea
689 1978 816 2041 virtute
847 1986 948 2062 atque
980 1977 1157 2065 diligentia

101 2081 315 2167 perditorum
345 2080 520 2143 bominum
553 2081 821 2146 coniurationem
852 2081 1053 2166 patefactam
1086 2105 1156 2148 esse
1193 2100 1209 2146 a

102 2185 313 2261 decrevistis,
330 2183 451 2248 deinde
468 2185 561 2269 quod
583 2185 621 2248 P.
640 2183 826 2250 Lentulum
846 2207 881 2250 se
899 2186 1050 2252 abdicare
1068 2210 1157 2273 prae-

103 2296 184 2351 tura
210 2286 383 2372 ‘coligistis
402 2292 475 2348 tum
506 2285 598 2371 quod
629 2308 707 2350 eum
739 2293 774 2350 et
804 2294 941 2363 ceteros
967 2287 1155 2373 dequibus

104 2391 291 2468 iudicastis
308 2392 343 2454 in
367 2389 553 2455 custodiam
578 2389 706 2454 dandos
730 2392 916 2466 censuistis,
944 2394 1156 2478 maximeque

105 2497 201 2583 quod
216 2519 291 2561 meo
306 2498 441 2561 nomine
458 2496 737 2580 supplicationem
754 2494 958 2573 decrevistis,
977 2499 1036 2582 qui
1052 2499 1157 2564 honos

106 2611 225 2690 togato
242 2602 376 2667 habitus
396 2611 474 2666 ante
498 2622 550 2665 me
575 2607 627 2664 est
650 2599 794 2674 nemini3
820 2607 986 2684 postremo
1003 2602 1158 2668 hesterno
1182 2619 1210 2665 10

106 2707 161 2772 die
200 2707 344 2792 praemia
381 2707 501 2793 legatis
538 2704 760 2790 Allobrogum
800 2704 947 2788 Titoque
980 2705 1157 2772 Volturcio

107 2811 249 2876 dedistis
280 2812 495 2896 amplissima.
544 2808 639 2888 Quae
662 2815 744 2872 sunt
767 2809 877 2872 omnia
899 2811 971 2898 eius
995 2811 1093 2887 modi,
1119 2819 1159 2876 ut

32 2906 33 2917 ¹
108 2917 142 2993 ii,
174 2917 235 3000 qui
267 2917 303 2979 in
333 2913 521 2980 custodiam
553 2913 751 2978 nominatim
776 2913 848 2977 dati
877 2921 968 2990 sunt,
993 2915 1063 2979 sine
1088 2917 1159 2980 ulla

108 3020 321 3085 dubitatione
348 3042 369 3084 a
393 3019 488 3084 vobis
516 3018 665 3082 damnati
693 3039 764 3082 esse
794 3016 981 3083 videantur.
1066 3040 1071 3047 ·
1104 3003 1112 3020 ’

152 3124 221 3190 Sed
235 3147 299 3212 ego
314 3125 449 3189 institui
465 3122 588 3188 referre
606 3121 649 3186 ad
665 3145 735 3199 vos
749 3129 859 3207 patres
876 3125 1064 3209 conscripti,
1078 3133 1159 3190 tam·
1181 3129 1200 3191 6

110 3251 212 3314 quam
228 3230 408 3315 integrum,
426 3237 461 3292 et
476 3227 517 3292 de
534 3227 624 3292 facto
640 3227 724 3311 quid
746 3225 913 3303 iudicetis,
930 3235 966 3292 et
988 3226 1028 3293 de
1053 3251 1161 3313 poena
1183 3247 1212 3291 16
1244 3280 1246 3286 ,

111 3333 193 3418 quid
221 3335 395 3399 censeatis,
453 3333 516 3396 Illa
544 3331 742 3416 praedicam,
771 3353 856 3417 quae
889 3342 971 3396 sunt
1001 3335 1157 3399 consulis.

112 3439 184 3524 Ego
213 3459 372 3525 magnum
400 3439 435 3500 in
463 3458 496 3501 re
524 3435 659 3520 publica
686 3437 811 3500 versari
839 3434 987 3500 furorem
1014 3444 1049 3501 et
1073 3459 1160 3504 nova

111 3541 273 3626 quaedam
292 3543 423 3606 misceri
440 3549 475 3605 et
490 3541 649 3604 concitari
666 3540 753 3603 mala
770 3541 835 3604 iam
850 3540 978 3625 pridem
995 3540 1156 3620 videbam,

111 3646 169 3711 scd
184 3647 271 3712 hanc
288 3654 426 3720 tantam,
443 3655 513 3710 tam
530 3645 707 3708 exitiosam
723 3643 836 3708 haberi
861 3646 1126 3718 coniurationem
1142 3669 1162 3710 a
1184 3663 1214 3709 ao

113 3751 240 3816 civibus
258 3771 443 3834 numquam
459 3750 588 3834 putavi.
610 3830 613 3834 ι
635 3747 734 3812 Nunc
747 3748 911 3833 quicquid
927 3758 988 3825 est,
1002 3771 1161 3834 quocum-

115 3876 177 3938 que
190 3862 323 3920 vestrae
340 3861 469 3919 mentes
486 3854 652 3917 inclinant
670 3860 772 3937 atque
796 3855 994 3930 sententiae,
1010 3862 1161 3920 statuen-
