2800 4367
484 348 563 401 can
589 348 675 412 11-13,
701 348 716 412 ς
786 348 826 399 29.
1156 336 1196 402 27

144 539 224 587 XIII.
241 522 358 608 Atque
371 523 451 588 haee
465 524 575 585 omnia
591 524 637 585 sio
648 530 800 607 agentur,
810 520 971 599 Quirites,
980 526 1021 583 ut
1032 541 1147 584 maxu·
1158 522 1198 587 28

101 648 239 693 maeres
256 628 394 691 minimo
417 633 521 701 motu,
539 627 687 711 pericula
710 646 841 689 summa
864 623 960 688 nullo
983 624 1145 701 tumultu,

101 731 227 796 bellum
251 719 454 795 intestinum
478 752 515 794 ae
541 730 761 794 domesticum
786 741 862 814 post
884 729 1058 791 hominum
1083 750 1147 793 me·

6 900 14 921 ‚
102 837 236 899 moriam
266 834 536 907 crudelissimum
567 841 601 899 et
631 835 816 897 maximum
846 855 899 897 me
931 853 999 895 uno
1029 840 1144 918 togato

13 936 14 940 ’
100 938 184 1001 duee
199 946 234 1003 et
246 938 442 1021 imperatore
455 936 600 1001 sedetur.
648 934 749 1014 Quod
760 936 824 1021 ego
835 936 882 999 sio
899 934 1145 1012 administrabo,
1161 948 1176 992 5

11 1128 14 1131 Ι
103 1041 262 1119 Quirites,
295 1050 344 1116 ut,
375 1042 404 1104 si
434 1041 504 1104 ullo
530 1040 627 1103 modo
654 1040 726 1103 fieri
753 1041 887 1124 poterit,
915 1061 956 1104 ue
989 1040 1146 1124 inprobus

8 1202 9 1205 ,
101 1144 243 1229 quidem·
270 1146 450 1229 quisquam
483 1145 516 1207 in
549 1143 609 1207 hac
640 1142 722 1207 urbe
759 1165 900 1228 poenam
930 1144 984 1207 sui
1012 1145 1147 1207 sceleris

101 1248 250 1313 sufferat.
298 1247 364 1313 Sed
380 1249 408 1311 si
425 1248 476 1312 vis
496 1245 693 1311 manifestae
717 1247 886 1323 audaciae,
910 1249 938 1311 si
961 1247 1146 1331 inpendens

6 1392 7 1395 =
101 1354 226 1438 patriae
242 1353 428 1437 perieulum
446 1372 497 1413 me
524 1351 709 1421 necessario
734 1350 774 1415 de
799 1352 860 1415 hac
883 1351 1146 1427 animilenitate

6 1446 11 1523 s
101 1456 289 1531 deduxerit,
322 1455 408 1520 illud
438 1453 589 1539 profecto
613 1454 791 1539 perficiam,
817 1454 908 1539 quod
938 1456 973 1517 in
996 1462 1090 1519 tanto
1112 1462 1149 1520 et
1170 1470 1200 1516 ro

6 1552 10 1633 ζ
101 1572 169 1626 tam
200 1560 360 1625 insidioso
386 1559 474 1624 bello
504 1561 564 1625 vix
592 1558 776 1644 optandum
803 1559 949 1635 videtur,
971 1566 1011 1623 ut
1038 1581 1146 1644 neque

6 1656 11 1733 f
99 1666 208 1743 bonus
249 1666 427 1750 quisquam
466 1666 611 1729 intereat
651 1685 902 1749 paucorumque
942 1685 1049 1747 poena
1087 1686 1147 1729 vos

6 1763 8 1767 ’
101 1792 216 1835 omnes
247 1771 332 1835 salvi
364 1792 435 1835 esse
468 1771 612 1853 possitis.
660 1769 756 1849 Quae
787 1768 923 1853 quidem
949 1790 1012 1854 ego
1037 1772 1199 1853 neque29

102 1897 174 1941 mea
189 1874 368 1959 prudentia
384 1895 494 1958 neque
511 1874 664 1937 humanis
686 1874 834 1938 consiliis
858 1872 966 1937 fretus
989 1874 1149 1957 polliceor

102 1979 205 2053 vobis,
235 1977 394 2057 Quirites,
422 1978 482 2042 sed
506 1978 623 2042 multis
648 1984 683 2041 et
706 1999 774 2041 non
802 1976 912 2041 dubiis
936 1975 1073 2041 deorum
1102 1978 1149 2039 in·
1171 1990 1200 2035 15

102 2084 289 2148 mortalium
308 2080 619 2169 significationibus,
637 2081 760 2166 quibus
775 2102 838 2167 ego
854 2080 996 2145 ducibus
1012 2082 1046 2143 in
1063 2082 1147 2146 hano

101 2210 192 2273 spem
209 2189 478 2273 sententiamque
499 2209 574 2250 sum
598 2188 789 2272 ingressus;
814 2186 872 2271 qui
896 2187 961 2249 iam
986 2208 1053 2249 non
1078 2208 1149 2271 pro

102 2293 167 2367 cul,
201 2302 239 2355 ut
270 2291 439 2375 quondam
473 2291 633 2366 solebant,
664 2289 707 2354 ab
743 2297 883 2357 externo
913 2289 1007 2355 hoste
1046 2300 1147 2375 atque

102 2397 298 2481 longinquo,
316 2394 375 2459 sed
392 2394 444 2459 hio
463 2402 653 2479 praesentes
670 2415 732 2457 suo
748 2395 885 2458 numine
902 2402 1005 2479 atque
1020 2396 1148 2458 auxilio

101 2521 162 2573 sua
186 2500 310 2584 templa
334 2492 435 2583 atque
468 2499 557 2563 urbis
587 2505 676 2563 tecta
707 2497 904 2562 defendunt.
952 2498 1046 2577 Quos
1078 2521 1146 2573 VOS,
1170 2513 1199 2557 20

103 2603 416 2687 Quiritespreoari,
434 2605 594 2678 venerari,
611 2603 788 2687 implorare
808 2601 947 2677 debetis,
972 2611 1021 2677 ut,
1046 2624 1146 2686 quam

102 2706 218 2789 urbem
229 2706 491 2790 ‘pulcherrimam
507 2706 845 2790 florentissimamque
861 2728 932 2770 esse
956 2698 1146 2782 voluerunt,

103 2810 363 2891 hauo’omnibus
387 2810 535 2875 hostium
557 2813 661 2895 copiis
686 2818 775 2875 terra
805 2812 954 2895 marique
982 2812 1148 2894 superatis

102 2936 121 2977 a
136 2913 435 2999 perditissimorum
452 2914 578 2979 civium
595 2912 724 2979 nefario
739 2913 862 2979 scelere
878 2912 1074 2979 defendant.
