2800 4367
200 347 263 411 260
460 359 532 409 rao
555 360 585 408 r.
611 358 732 408 armo
756 357 900 408 umora
922 356 1071 408 oanrro.

254 532 350 612 Quae
381 531 503 595 fuisset
533 530 639 616 igitur
665 530 755 592 iusta
781 549 883 592 causa
907 526 1109 593 restituendi
1133 529 1207 606 mei,
1232 529 1309 594 nisi

157 722 159 725 v
251 636 374 701 fuisset
397 635 522 698 iniusta
548 632 717 698 eiciendi?
774 631 872 696 Diem
904 632 995 708 mihi,
1020 631 1129 709 oredo,
1154 631 1309 710 dixerat,

254 740 393 805 multam
425 740 594 824 irrogarat,
624 737 790 802 actionem
821 736 1062 821 perduellionis
1083 737 1308 815 intenderat,

252 852 287 910 et
311 843 392 906 mihi
416 842 574 908 videlicet
600 842 635 904 in
662 861 763 905 causa
789 848 849 905 aut
876 840 963 904 mala
988 848 1048 905 ant
1068 863 1151 918 mea,
1172 863 1241 906 non
1268 851 1312 906 et

200 966 228 1011 10
249 947 511 1033 praeclarissima
526 952 561 1010 et
576 952 699 1021 vestra,
717 944 880 1010 iudicium
897 944 1085 1010 timendum
1102 944 1179 1010 fuit.
1226 945 1311 1012 Ser-

252 1075 369 1118 vorum
399 1059 435 1116 et
463 1051 636 1137 egentium
672 1050 801 1113 civium
831 1057 866 1114 et
897 1049 1158 1114 facinerosorum
1196 1053 1308 1115 armis

254 1179 344 1221 meos
374 1158 464 1220 cives
495 1157 576 1219 meis
615 1153 762 1218 consiliis
797 1154 1025 1239 periculisque
1055 1161 1205 1220 servatos
1238 1178 1309 1240 pro

199 1265 239 1327 37
254 1283 305 1326 me
322 1261 407 1325 obici
424 1260 527 1323 nolui.
566 1257 649 1322 Vidi
664 1259 765 1334 enim,
779 1257 850 1322 vidi
866 1257 956 1322 hunc
966 1259 1084 1348 ipsum
1093 1244 1138 1338 Q.
1155 1259 1310 1325 Horten-

250 1367 346 1441 sium,
364 1366 477 1428 lumen
501 1371 535 1427 et
557 1369 788 1426 ornamentum
815 1364 863 1426 rei
887 1361 1051 1447 publicae,
1068 1385 1173 1446 paene
1200 1364 1309 1428 inter-

199 1485 227 1530 15
250 1468 303 1533 fici
327 1490 500 1533 servorum
523 1488 634 1542 manu,
659 1487 735 1530 cum
760 1466 842 1530 mihi
867 1465 1019 1542 adesset3
1047 1488 1114 1551 qua
1140 1468 1175 1530 in
1201 1468 1309 1532 turba

251 1573 290 1638 C.
305 1559 471 1637 Vibienus
497 1577 640 1647 senator,
658 1571 711 1635 vir
733 1570 891 1656 optimus,
914 1591 992 1635 cum
1019 1571 1080 1635 hoc
1107 1593 1184 1635 cum
1208 1581 1308 1637 esset

252 1699 328 1753 una,
360 1679 407 1740 ita
444 1683 496 1741 est
533 1675 709 1751 mulcatus
744 1682 783 1738 ut
816 1675 920 1739 vitam
958 1675 1117 1738 amiserit.
1175 1674 1306 1760 Itaque

253 1780 387 1866 quando
418 1781 510 1843 illius
541 1786 658 1863 postea
687 1779 757 1842 sica
781 1779 848 1854 illa,
866 1799 966 1863 quarn
995 1799 1013 1842 a
1037 1777 1185 1842 Catilina
1208 1800 1306 1844 acce·

249 1893 353 1970 perat,
370 1883 591 1969 conquievit?
637 1883 732 1947 Haec
756 1883 922 1946 intentata
943 1882 1037 1947 nobis
1054 1890 1115 1959 est,
1132 1884 1210 1948 huic
1235 1907 1305 1970 ego

198 2006 228 2051 ao
250 2013 309 2055 vos
326 1989 410 2054 obici
426 2011 485 2072 pro
508 2010 560 2052 me
584 2009 651 2051 non
674 2008 749 2050 sum
772 2008 900 2071 passus,
917 1987 997 2052 haec
1021 1987 1177 2052 insidiata
1201 1988 1306 2052 Pom-

251 2095 326 2178 peio
342 2104 402 2170 est,
419 2094 500 2158 haec
516 2094 613 2157 istam
631 2091 789 2176 Appiam,
807 2091 1048 2156 monimentum
1064 2093 1116 2156 sui
1142 2093 1302 2171 nominiS,

251 2221 330 2263 nece
362 2198 474 2283 Papiri
505 2197 705 2273 cruentavit,
731 2197 812 2261 haec
843 2195 958 2262 eadem
985 2197 1086 2283 longo
1118 2198 1303 2270 intervallo

213 2313 217 2317 ’
253 2325 413 2369 conversa
438 2325 551 2367 rursus
577 2310 629 2366 est
656 2303 690 2364 in
720 2323 792 2376 me;
825 2323 932 2386 nuper
954 2302 1100 2386 quidem,
1127 2309 1166 2366 ut
1192 2303 1301 2378 scitis,

199 2412 238 2474 38
254 2430 306 2473 me
333 2407 376 2472 ad
401 2409 525 2494 regiam
549 2428 653 2490 paene
678 2405 834 2470 confecit.
881 2404 973 2484 Quid
996 2407 1105 2470 simile
1131 2406 1303 2471 Milonis?

198 2529 227 2572 aa
250 2515 346 2578 cuius
365 2512 416 2577 vis
441 2512 549 2575 omnis
575 2509 654 2574 haec
681 2531 812 2594 semper
835 2508 911 2586 fuit,
929 2531 969 2574 ne
996 2509 1034 2572 P.
1052 2509 1202 2587 Clodius,
1220 2533 1302 2576 curn

253 2619 288 2680 in
305 2617 466 2681 iudicium
482 2614 612 2677 detrahi
628 2634 696 2676 non
713 2621 834 2697 posset,
852 2615 886 2677 vi
910 2635 1100 2698 oppressam
1123 2613 1302 2680 civitatem

251 2729 387 2786 teneret.
429 2718 539 2798 Quem
550 2718 578 2780 si
594 2717 782 2782 interficere
796 2717 967 2794 voluisset,
982 2726 1126 2803 quantae
1139 2721 1300 2804 quotiens

252 2826 450 2898 occasiones,
477 2821 790 2906 quampraeclarus
817 2820 974 2886 fuerunt!
1023 2823 1193 2900 Potuitne,
1220 2846 1300 2888 eum

252 2928 388 2993 domum
399 2949 436 2989 ao
449 2925 528 2989 deos
541 2933 679 3009 penates
688 2946 769 3007 suos
783 2925 842 2989 illo
858 2935 1074 3013 oppugnante
1090 2926 1299 3004 defenderet,

198 3049 228 3093 ao
250 3035 321 3096 iure
336 3053 371 3094 se
389 3030 514 3105 ulcisci,
531 3029 686 3112 potuitne
711 3030 776 3094 civi
800 3031 934 3116 egregio
958 3039 993 3095 et
1009 3032 1079 3096 viro
1104 3031 1298 3110 fortissimo

254 3136 293 3199 P.
310 3135 429 3209 Sesti0,
447 3133 576 3218 collega
601 3154 672 3209 suo,
690 3133 876 3209 vulnerato,
895 3135 1050 3217 potuitne
1071 3133 1112 3213 Q.
1132 3133 1298 3213 Fabricio,

252 3241 324 3305 viro
348 3239 483 3323 optimo,
507 3259 584 3301 cum
609 3237 650 3301 de
680 3236 790 3301 reditu
823 3259 895 3302 meo
919 3238 1028 3326 legem
1052 3237 1163 3316 ferret,
1188 3241 1297 3324 puls0,

252 3343 480 3408 crudelissima
506 3342 541 3405 in
564 3340 637 3405 foro
661 3341 762 3406 caede
786 3340 885 3418 lacta,
910 3343 1065 3426 potuitne
1092 3342 1129 3404 L.
1159 3342 1297 3421 Caecili,

252 3448 426 3512 iustissimi
465 3445 705 3531 fortissimique
744 3447 915 3530 praetoris,
954 3453 1148 3533 oppugnata
1186 3447 1296 3526 domo,

199 3566 228 3612 35
250 3553 404 3638 potuitne
431 3551 490 3614 illo
517 3549 582 3627 die,
599 3571 676 3613 cum
703 3557 754 3614 est
777 3550 844 3613 lata
866 3550 923 3614 lex
946 3549 986 3614 de
1010 3573 1072 3625 me,
1089 3572 1167 3615 cum
1191 3554 1296 3617 totius

254 3656 373 3720 ltaliae
407 3676 598 3741 concursus,
626 3675 727 3738 quem
762 3675 834 3718 mea
868 3654 959 3718 salus
990 3654 1182 3730 concitarat,
1215 3654 1296 3721 facti

184 3767 187 3770 ’
249 3760 342 3824 illius
372 3759 513 3846 gloriam
535 3756 654 3821 lubens
685 3758 888 3843 agnovisset,
921 3765 970 3833 ut,
994 3758 1125 3822 etiamsi
1149 3757 1184 3821 id
1212 3757 1295 3823 Milo

252 3863 395 3939 lecisset,
412 3869 533 3928 cuncta
555 3862 674 3925 civitas
691 3882 763 3924 eam
779 3861 913 3926 laudem
928 3884 988 3947 pro
1010 3883 1071 3927 sua
1087 3861 1296 3928 vindicaret?
