<?xml version="1.0" encoding="UTF-8"?>
<!DOCTYPE html PUBLIC "-//W3C//DTD XHTML 1.0 Transitional//EN"
    "http://www.w3.org/TR/xhtml1/DTD/xhtml1-transitional.dtd">
<html xmlns="http://www.w3.org/1999/xhtml" xml:lang="en" lang="en">
 <head>
  <title>
</title>
<meta http-equiv="Content-Type" content="text/html;charset=utf-8" />
  <meta name='ocr-system' content='tesseract 3.04.00' />
  <meta name='ocr-capabilities' content='ocr_page ocr_carea ocr_par ocr_line ocrx_word'/>
</head>
<body>
  <div class='ocr_page' id='page_1' title='image "./selectedoration01cicegoog_0134.png"; bbox 0 0 2800 4367; ppageno 0'>
   <div class='ocr_carea' id='block_1_1' title="bbox 224 323 1022 388">
    <p class='ocr_par' dir='ltr' id='par_1_1' title="bbox 224 323 1022 388">
     <span class='ocr_line' id='line_1_1' title="bbox 224 323 1022 388; baseline 0 0"><span class='ocrx_word' id='word_1_1' title='bbox 224 323 289 388; x_wconf 81' lang='lat'><strong>132</strong></span> <span class='ocrx_word' id='word_1_2' title='bbox 577 338 649 387; x_wconf 83' lang='lat' dir='ltr'><strong>rao</strong></span> <span class='ocrx_word' id='word_1_3' title='bbox 673 337 849 388; x_wconf 66' lang='lat' dir='ltr'><strong>1‘.sur,na</strong></span> <span class='ocrx_word' id='word_1_4' title='bbox 873 336 1022 388; x_wconf 71' lang='lat' dir='ltr'><strong>oun&#39;rro.</strong></span> 
     </span>
    </p>
   </div>
   <div class='ocr_carea' id='block_1_2' title="bbox 150 507 1369 3927">
    <p class='ocr_par' dir='ltr' id='par_1_2' title="bbox 277 486 1369 594">
     <span class='ocr_line' id='line_1_2' title="bbox 277 507 1295 594; baseline 0.001 -20"><span class='ocrx_word' id='word_1_5' title='bbox 277 508 387 574; x_wconf 89' lang='lat' dir='ltr'><strong>verbis</strong></span> <span class='ocrx_word' id='word_1_6' title='bbox 417 509 541 594; x_wconf 84' lang='lat' dir='ltr'><strong>gratias</strong></span> <span class='ocrx_word' id='word_1_7' title='bbox 571 509 687 593; x_wconf 86' lang='lat' dir='ltr'><strong>egerit,</strong></span> <span class='ocrx_word' id='word_1_8' title='bbox 719 509 774 572; x_wconf 93' lang='lat' dir='ltr'><strong>cui</strong></span> <span class='ocrx_word' id='word_1_9' title='bbox 806 509 865 572; x_wconf 92' lang='lat' dir='ltr'><strong>uni</strong></span> <span class='ocrx_word' id='word_1_10' title='bbox 897 515 1011 594; x_wconf 85' lang='lat' dir='ltr'><strong>togato</strong></span> <span class='ocrx_word' id='word_1_11' title='bbox 1044 507 1295 593; x_wconf 88' lang='lat' dir='ltr'><strong>supplicationem</strong></span> 
     </span>
    </p>

    <p class='ocr_par' dir='ltr' id='par_1_3' title="bbox 276 602 1369 688">
     <span class='ocr_line' id='line_1_3' title="bbox 276 602 1369 688; baseline 0.005 -12"><span class='ocrx_word' id='word_1_12' title='bbox 276 611 470 688; x_wconf 88' lang='lat' dir='ltr'><strong>decreverit,</strong></span> <span class='ocrx_word' id='word_1_13' title='bbox 487 611 597 676; x_wconf 81' lang='lat' dir='ltr'><strong>dicere</strong></span> <span class='ocrx_word' id='word_1_14' title='bbox 609 602 650 675; x_wconf 40' lang='lat' dir='ltr'><strong>‘in</strong></span> <span class='ocrx_word' id='word_1_15' title='bbox 666 611 810 676; x_wconf 89' lang='lat' dir='ltr'><strong>iudicio:</strong></span> <span class='ocrx_word' id='word_1_16' title='bbox 838 611 936 676; x_wconf 86' lang='lat' dir='ltr'><strong>‘Non</strong></span> <span class='ocrx_word' id='word_1_17' title='bbox 955 611 1180 687; x_wconf 76' lang='lat' dir='ltr'><strong>defenderem,</strong></span> <span class='ocrx_word' id='word_1_18' title='bbox 1195 614 1221 677; x_wconf 88' lang='lat' dir='ltr'><strong>si</strong></span> <span class='ocrx_word' id='word_1_19' title='bbox 1240 637 1297 678; x_wconf 88' lang='lat' dir='ltr'><strong>eon·</strong></span> <span class='ocrx_word' id='word_1_20' title='bbox 1347 643 1369 684; x_wconf 70' lang='lat' dir='ltr'><strong>,v</strong></span> 
     </span>
    </p>

    <p class='ocr_par' dir='ltr' id='par_1_4' title="bbox 275 714 1369 802">
     <span class='ocr_line' id='line_1_4' title="bbox 275 714 1369 802; baseline 0.002 -22"><span class='ocrx_word' id='word_1_21' title='bbox 275 715 439 781; x_wconf 63' lang='lat' dir='ltr'><strong>iurasset?</strong></span> <span class='ocrx_word' id='word_1_22' title='bbox 485 715 562 780; x_wconf 89' lang='lat' dir='ltr'><strong>Non</strong></span> <span class='ocrx_word' id='word_1_23' title='bbox 577 715 652 780; x_wconf 89' lang='lat' dir='ltr'><strong>dico</strong></span> <span class='ocrx_word' id='word_1_24' title='bbox 667 715 712 792; x_wconf 87' lang='lat' dir='ltr'><strong>id,</strong></span> <span class='ocrx_word' id='word_1_25' title='bbox 730 715 821 800; x_wconf 93' lang='lat' dir='ltr'><strong>quod</strong></span> <span class='ocrx_word' id='word_1_26' title='bbox 835 737 937 802; x_wconf 85' lang='lat' dir='ltr'><strong>grave</strong></span> <span class='ocrx_word' id='word_1_27' title='bbox 953 723 1015 792; x_wconf 86' lang='lat' dir='ltr'><strong>est,</strong></span> <span class='ocrx_word' id='word_1_28' title='bbox 1033 714 1108 780; x_wconf 90' lang='lat' dir='ltr'><strong>dico</strong></span> <span class='ocrx_word' id='word_1_29' title='bbox 1124 716 1215 794; x_wconf 93' lang='lat' dir='ltr'><strong>illud,</strong></span> <span class='ocrx_word' id='word_1_30' title='bbox 1227 719 1298 802; x_wconf 91' lang='lat' dir='ltr'><strong>quod</strong></span> <span class='ocrx_word' id='word_1_31' title='bbox 1340 790 1344 799; x_wconf 89' lang='lat'>.</span> <span class='ocrx_word' id='word_1_32' title='bbox 1368 747 1369 789; x_wconf 71' lang='lat' dir='ltr'><strong>v</strong></span> 
     </span>
    </p>

    <p class='ocr_par' dir='ltr' id='par_1_5' title="bbox 223 817 1369 896">
     <span class='ocr_line' id='line_1_5' title="bbox 223 817 1369 896; baseline 0.005 -18"><span class='ocrx_word' id='word_1_33' title='bbox 223 833 252 877; x_wconf 77' lang='lat' dir='ltr'><strong>aa</strong></span> <span class='ocrx_word' id='word_1_34' title='bbox 275 821 309 883; x_wconf 94' lang='lat' dir='ltr'><strong>in</strong></span> <span class='ocrx_word' id='word_1_35' title='bbox 326 819 377 883; x_wconf 89' lang='lat' dir='ltr'><strong>his</strong></span> <span class='ocrx_word' id='word_1_36' title='bbox 393 820 503 883; x_wconf 86' lang='lat' dir='ltr'><strong>causis</strong></span> <span class='ocrx_word' id='word_1_37' title='bbox 519 818 759 882; x_wconf 83' lang='lat' dir='ltr'><strong>coniurationis</strong></span> <span class='ocrx_word' id='word_1_38' title='bbox 776 839 843 882; x_wconf 92' lang='lat' dir='ltr'><strong>non</strong></span> <span class='ocrx_word' id='word_1_39' title='bbox 860 819 1054 883; x_wconf 76' lang='lat' dir='ltr'><strong>auctoritati</strong></span> <span class='ocrx_word' id='word_1_40' title='bbox 1070 817 1243 896; x_wconf 82' lang='lat' dir='ltr'><strong>adsumam,</strong></span> <span class='ocrx_word' id='word_1_41' title='bbox 1254 821 1299 884; x_wconf 88' lang='lat' dir='ltr'><strong>sed</strong></span> <span class='ocrx_word' id='word_1_42' title='bbox 1368 856 1369 896; x_wconf 65' lang='lat'>4</span> 
     </span>
    </p>

    <p class='ocr_par' dir='ltr' id='par_1_6' title="bbox 277 922 1369 1010">
     <span class='ocr_line' id='line_1_6' title="bbox 277 922 1369 1010; baseline 0.001 -23"><span class='ocrx_word' id='word_1_43' title='bbox 277 922 396 1008; x_wconf 89' lang='lat' dir='ltr'><strong>pudori</strong></span> <span class='ocrx_word' id='word_1_44' title='bbox 412 944 504 988; x_wconf 86' lang='lat' dir='ltr'><strong>meo:</strong></span> <span class='ocrx_word' id='word_1_45' title='bbox 530 922 625 1008; x_wconf 84' lang='lat' dir='ltr'><strong>‘Ego</strong></span> <span class='ocrx_word' id='word_1_46' title='bbox 641 922 698 986; x_wconf 93' lang='lat' dir='ltr'><strong>ille</strong></span> <span class='ocrx_word' id='word_1_47' title='bbox 715 923 958 986; x_wconf 87' lang='lat' dir='ltr'><strong>coniurationis</strong></span> <span class='ocrx_word' id='word_1_48' title='bbox 978 923 1198 1009; x_wconf 84' lang='lat' dir='ltr'><strong>investigator</strong></span> <span class='ocrx_word' id='word_1_49' title='bbox 1218 931 1299 1008; x_wconf 87' lang='lat' dir='ltr'><strong>atqua</strong></span> <span class='ocrx_word' id='word_1_50' title='bbox 1341 928 1369 1010; x_wconf 43' lang='grc' dir='ltr'><strong>ξς</strong></span> 
     </span>
    </p>

    <p class='ocr_par' dir='ltr' id='par_1_7' title="bbox 276 1024 1369 1119">
     <span class='ocr_line' id='line_1_7' title="bbox 276 1024 1346 1119; baseline -0.002 -27"><span class='ocrx_word' id='word_1_51' title='bbox 276 1029 367 1092; x_wconf 89' lang='lat' dir='ltr'><strong>ultor</strong></span> <span class='ocrx_word' id='word_1_52' title='bbox 382 1036 471 1092; x_wconf 90' lang='lat' dir='ltr'><strong>certe</strong></span> <span class='ocrx_word' id='word_1_53' title='bbox 487 1049 555 1091; x_wconf 94' lang='lat' dir='ltr'><strong>non</strong></span> <span class='ocrx_word' id='word_1_54' title='bbox 578 1025 794 1091; x_wconf 87' lang='lat' dir='ltr'><strong>defenderem</strong></span> <span class='ocrx_word' id='word_1_55' title='bbox 817 1024 956 1102; x_wconf 86' lang='lat' dir='ltr'><strong>Sullam,</strong></span> <span class='ocrx_word' id='word_1_56' title='bbox 973 1028 1002 1091; x_wconf 89' lang='lat' dir='ltr'><strong>si</strong></span> <span class='ocrx_word' id='word_1_57' title='bbox 1025 1028 1214 1092; x_wconf 87' lang='lat' dir='ltr'><strong>coniurasse</strong></span> <span class='ocrx_word' id='word_1_58' title='bbox 1238 1028 1301 1092; x_wconf 89' lang='lat' dir='ltr'><strong>arbi·</strong></span> <span class='ocrx_word' id='word_1_59' title='bbox 1341 1038 1369 1119; x_wconf 64' lang='lat'>34</span> 
     </span>
    </p>

    <p class='ocr_par' dir='ltr' id='par_1_8' title="bbox 277 1129 1369 1218">
     <span class='ocr_line' id='line_1_8' title="bbox 277 1129 1369 1218; baseline -0.002 -22"><span class='ocrx_word' id='word_1_60' title='bbox 277 1132 400 1218; x_wconf 62' lang='lat' dir='ltr'><strong>macer!</strong></span> <span class='ocrx_word' id='word_1_61' title='bbox 447 1131 531 1216; x_wconf 78' lang='lat' dir='ltr'><strong>Ego,</strong></span> <span class='ocrx_word' id='word_1_62' title='bbox 548 1129 686 1205; x_wconf 74' lang='lat' dir='ltr'><strong>iudices</strong></span> <span class='ocrx_word' id='word_1_63' title='bbox 704 1129 745 1194; x_wconf 90' lang='lat' dir='ltr'><strong>de</strong></span> <span class='ocrx_word' id='word_1_64' title='bbox 761 1131 866 1196; x_wconf 90' lang='lat' dir='ltr'><strong>tantis</strong></span> <span class='ocrx_word' id='word_1_65' title='bbox 890 1131 1040 1194; x_wconf 90' lang='lat' dir='ltr'><strong>omnium</strong></span> <span class='ocrx_word' id='word_1_66' title='bbox 1064 1132 1220 1216; x_wconf 89' lang='lat' dir='ltr'><strong>perieulis</strong></span> <span class='ocrx_word' id='word_1_67' title='bbox 1242 1154 1302 1196; x_wconf 89' lang='lat' dir='ltr'><strong>cun</strong></span> <span class='ocrx_word' id='word_1_68' title='bbox 1365 1152 1369 1215; x_wconf 70' lang='lat' dir='ltr'>j</span> 
     </span>
    </p>

    <p class='ocr_par' dir='ltr' id='par_1_9' title="bbox 275 1235 1369 1321">
     <span class='ocr_line' id='line_1_9' title="bbox 275 1235 1369 1321; baseline -0.001 -21"><span class='ocrx_word' id='word_1_69' title='bbox 275 1257 469 1321; x_wconf 85' lang='lat' dir='ltr'><strong>quaererem</strong></span> <span class='ocrx_word' id='word_1_70' title='bbox 485 1237 608 1310; x_wconf 89' lang='lat' dir='ltr'><strong>omnia,</strong></span> <span class='ocrx_word' id='word_1_71' title='bbox 624 1236 733 1299; x_wconf 91' lang='lat' dir='ltr'><strong>multa</strong></span> <span class='ocrx_word' id='word_1_72' title='bbox 748 1235 910 1312; x_wconf 84' lang='lat' dir='ltr'><strong>audirem,</strong></span> <span class='ocrx_word' id='word_1_73' title='bbox 927 1235 1095 1301; x_wconf 84' lang='lat' dir='ltr'><strong>crederem</strong></span> <span class='ocrx_word' id='word_1_74' title='bbox 1120 1258 1187 1300; x_wconf 91' lang='lat' dir='ltr'><strong>non</strong></span> <span class='ocrx_word' id='word_1_75' title='bbox 1202 1239 1303 1311; x_wconf 88' lang='lat' dir='ltr'><strong>omnia,</strong></span> <span class='ocrx_word' id='word_1_76' title='bbox 1368 1287 1369 1318; x_wconf 85' lang='lat'>4</span> 
     </span>
    </p>

    <p class='ocr_par' dir='ltr' id='par_1_10' title="bbox 179 1339 1369 1426">
     <span class='ocr_line' id='line_1_10' title="bbox 179 1339 1369 1426; baseline 0.003 -26"><span class='ocrx_word' id='word_1_77' title='bbox 179 1382 183 1389; x_wconf 76' lang='lat'><strong>·</strong></span> <span class='ocrx_word' id='word_1_78' title='bbox 222 1355 253 1400; x_wconf 81' lang='grc' dir='ltr'><strong>4ο</strong></span> <span class='ocrx_word' id='word_1_79' title='bbox 274 1362 425 1406; x_wconf 90' lang='lat' dir='ltr'><strong>caverem</strong></span> <span class='ocrx_word' id='word_1_80' title='bbox 442 1341 562 1414; x_wconf 87' lang='lat' dir='ltr'><strong>omnia,</strong></span> <span class='ocrx_word' id='word_1_81' title='bbox 576 1339 651 1404; x_wconf 86' lang='lat' dir='ltr'><strong>dico</strong></span> <span class='ocrx_word' id='word_1_82' title='bbox 667 1340 846 1426; x_wconf 92' lang='lat' dir='ltr'><strong>hoc,qu0d</strong></span> <span class='ocrx_word' id='word_1_83' title='bbox 868 1341 965 1405; x_wconf 88' lang='lat' dir='ltr'><strong>initio</strong></span> <span class='ocrx_word' id='word_1_84' title='bbox 989 1340 1071 1417; x_wconf 88' lang='lat' dir='ltr'><strong>dixi,</strong></span> <span class='ocrx_word' id='word_1_85' title='bbox 1088 1341 1215 1404; x_wconf 92' lang='lat' dir='ltr'><strong>nullius</strong></span> <span class='ocrx_word' id='word_1_86' title='bbox 1237 1341 1305 1404; x_wconf 88' lang='lat' dir='ltr'><strong>indi-</strong></span> <span class='ocrx_word' id='word_1_87' title='bbox 1368 1387 1369 1426; x_wconf 71' lang='lat'>4</span> 
     </span>
    </p>

    <p class='ocr_par' dir='ltr' id='par_1_11' title="bbox 275 1443 1359 1529">
     <span class='ocr_line' id='line_1_11' title="bbox 275 1443 1359 1529; baseline -0.001 -18"><span class='ocrx_word' id='word_1_88' title='bbox 275 1447 337 1521; x_wconf 92' lang='lat' dir='ltr'><strong>ci0,</strong></span> <span class='ocrx_word' id='word_1_89' title='bbox 354 1444 480 1509; x_wconf 88' lang='lat' dir='ltr'><strong>nullius</strong></span> <span class='ocrx_word' id='word_1_90' title='bbox 493 1445 624 1520; x_wconf 90' lang='lat' dir='ltr'><strong>nuntio,</strong></span> <span class='ocrx_word' id='word_1_91' title='bbox 638 1443 767 1508; x_wconf 89' lang='lat' dir='ltr'><strong>nullius</strong></span> <span class='ocrx_word' id='word_1_92' title='bbox 784 1444 985 1529; x_wconf 86' lang='lat' dir='ltr'><strong>suspicione,</strong></span> <span class='ocrx_word' id='word_1_93' title='bbox 999 1445 1127 1509; x_wconf 89' lang='lat' dir='ltr'><strong>nullius</strong></span> <span class='ocrx_word' id='word_1_94' title='bbox 1143 1446 1261 1510; x_wconf 88' lang='lat' dir='ltr'><strong>litteris</strong></span> <span class='ocrx_word' id='word_1_95' title='bbox 1274 1445 1305 1510; x_wconf 88' lang='lat' dir='ltr'><strong>de</strong></span> <span class='ocrx_word' id='word_1_96' title='bbox 1358 1507 1359 1510; x_wconf 74' lang='grc'>,</span> 
     </span>
    </p>

    <p class='ocr_par' dir='ltr' id='par_1_12' title="bbox 276 1547 1369 1635">
     <span class='ocr_line' id='line_1_12' title="bbox 276 1547 1369 1635; baseline -0.003 -22"><span class='ocrx_word' id='word_1_97' title='bbox 276 1550 314 1613; x_wconf 91' lang='lat' dir='ltr'><strong>P.</strong></span> <span class='ocrx_word' id='word_1_98' title='bbox 332 1548 426 1612; x_wconf 88' lang='lat' dir='ltr'><strong>Sulla</strong></span> <span class='ocrx_word' id='word_1_99' title='bbox 442 1569 510 1612; x_wconf 89' lang='lat' dir='ltr'><strong>rem</strong></span> <span class='ocrx_word' id='word_1_100' title='bbox 528 1548 632 1611; x_wconf 85' lang='lat' dir='ltr'><strong>ullam</strong></span> <span class='ocrx_word' id='word_1_101' title='bbox 647 1547 690 1612; x_wconf 89' lang='lat' dir='ltr'><strong>ad</strong></span> <span class='ocrx_word' id='word_1_102' title='bbox 706 1569 758 1612; x_wconf 91' lang='lat' dir='ltr'><strong>me</strong></span> <span class='ocrx_word' id='word_1_103' title='bbox 774 1569 845 1614; x_wconf 88' lang='lat' dir='ltr'><strong>esse</strong></span> <span class='ocrx_word' id='word_1_104' title='bbox 861 1547 1016 1613; x_wconf 87' lang='lat' dir='ltr'><strong>deletam.</strong></span> <span class='ocrx_word' id='word_1_105' title='bbox 1361 1629 1369 1635; x_wconf 62' lang='lat'><strong>,.</strong></span> 
     </span>
    </p>

    <p class='ocr_par' dir='ltr' id='par_1_13' title="bbox 150 1651 1364 1738">
     <span class='ocr_line' id='line_1_13' title="bbox 150 1651 1364 1738; baseline 0 -18"><span class='ocrx_word' id='word_1_106' title='bbox 150 1730 151 1733; x_wconf 63' lang='lat'><strong>,</strong></span> <span class='ocrx_word' id='word_1_107' title='bbox 222 1659 263 1720; x_wconf 83' lang='grc'><strong>86</strong></span> <span class='ocrx_word' id='word_1_108' title='bbox 318 1669 423 1716; x_wconf 74' lang='lat' dir='ltr'><strong>xxxa</strong></span> <span class='ocrx_word' id='word_1_109' title='bbox 449 1651 702 1730; x_wconf 88' lang='lat' dir='ltr'><strong>Quamobrem</strong></span> <span class='ocrx_word' id='word_1_110' title='bbox 719 1674 788 1729; x_wconf 89' lang='lat' dir='ltr'><strong>vos,</strong></span> <span class='ocrx_word' id='word_1_111' title='bbox 802 1653 836 1717; x_wconf 92' lang='lat' dir='ltr'><strong>di</strong></span> <span class='ocrx_word' id='word_1_112' title='bbox 853 1654 952 1737; x_wconf 91' lang='lat' dir='ltr'><strong>patrii</strong></span> <span class='ocrx_word' id='word_1_113' title='bbox 962 1673 999 1717; x_wconf 90' lang='lat' dir='ltr'><strong>ae</strong></span> <span class='ocrx_word' id='word_1_114' title='bbox 1012 1661 1161 1737; x_wconf 72' lang='lat' dir='ltr'><strong>penates</strong></span> <span class='ocrx_word' id='word_1_115' title='bbox 1174 1655 1233 1738; x_wconf 91' lang='lat' dir='ltr'><strong>qui</strong></span> <span class='ocrx_word' id='word_1_116' title='bbox 1243 1654 1307 1719; x_wconf 89' lang='lat' dir='ltr'><strong>huic</strong></span> <span class='ocrx_word' id='word_1_117' title='bbox 1363 1731 1364 1736; x_wconf 8' lang='grc' dir='ltr'>γ</span> 
     </span>
    </p>

    <p class='ocr_par' dir='ltr' id='par_1_14' title="bbox 275 1756 1369 1842">
     <span class='ocr_line' id='line_1_14' title="bbox 275 1756 1309 1842; baseline -0.005 -21"><span class='ocrx_word' id='word_1_118' title='bbox 275 1757 348 1821; x_wconf 92' lang='lat' dir='ltr'><strong>urbi</strong></span> <span class='ocrx_word' id='word_1_119' title='bbox 365 1763 468 1840; x_wconf 89' lang='lat' dir='ltr'><strong>atque</strong></span> <span class='ocrx_word' id='word_1_120' title='bbox 481 1756 558 1820; x_wconf 89' lang='lat' dir='ltr'><strong>huie</strong></span> <span class='ocrx_word' id='word_1_121' title='bbox 583 1757 629 1820; x_wconf 91' lang='lat' dir='ltr'><strong>rei</strong></span> <span class='ocrx_word' id='word_1_122' title='bbox 653 1756 806 1840; x_wconf 88' lang='lat' dir='ltr'><strong>publicae</strong></span> <span class='ocrx_word' id='word_1_123' title='bbox 830 1756 1037 1841; x_wconf 84' lang='lat' dir='ltr'><strong>praesidetis,</strong></span> <span class='ocrx_word' id='word_1_124' title='bbox 1055 1758 1115 1841; x_wconf 89' lang='lat' dir='ltr'><strong>qui</strong></span> <span class='ocrx_word' id='word_1_125' title='bbox 1138 1757 1201 1821; x_wconf 90' lang='lat' dir='ltr'><strong>hoc</strong></span> <span class='ocrx_word' id='word_1_126' title='bbox 1224 1759 1309 1842; x_wconf 89' lang='lat' dir='ltr'><strong>impe·</strong></span> 
     </span>
    </p>

    <p class='ocr_par' dir='ltr' id='par_1_15' title="bbox 274 1860 1369 1951">
     <span class='ocr_line' id='line_1_15' title="bbox 274 1860 1369 1951; baseline -0.001 -26"><span class='ocrx_word' id='word_1_127' title='bbox 274 1862 372 1936; x_wconf 93' lang='lat' dir='ltr'><strong>rium,</strong></span> <span class='ocrx_word' id='word_1_128' title='bbox 389 1862 448 1945; x_wconf 90' lang='lat' dir='ltr'><strong>qui</strong></span> <span class='ocrx_word' id='word_1_129' title='bbox 465 1860 549 1925; x_wconf 89' lang='lat' dir='ltr'><strong>hanc</strong></span> <span class='ocrx_word' id='word_1_130' title='bbox 566 1860 765 1936; x_wconf 85' lang='lat' dir='ltr'><strong>libertatem,</strong></span> <span class='ocrx_word' id='word_1_131' title='bbox 784 1862 843 1945; x_wconf 88' lang='lat' dir='ltr'><strong>qui</strong></span> <span class='ocrx_word' id='word_1_132' title='bbox 858 1861 1022 1946; x_wconf 88' lang='lat' dir='ltr'><strong>populum</strong></span> <span class='ocrx_word' id='word_1_133' title='bbox 1046 1861 1245 1939; x_wconf 91' lang='lat' dir='ltr'><strong>Romanum,</strong></span> <span class='ocrx_word' id='word_1_134' title='bbox 1261 1863 1309 1946; x_wconf 93' lang='lat' dir='ltr'><strong>qui</strong></span> <span class='ocrx_word' id='word_1_135' title='bbox 1368 1913 1369 1951; x_wconf 91' lang='lat'>4</span> 
     </span>
    </p>

    <p class='ocr_par' dir='ltr' id='par_1_16' title="bbox 233 1965 1369 2155">
     <span class='ocr_line' id='line_1_16' title="bbox 233 1965 1369 2054; baseline 0.001 -25"><span class='ocrx_word' id='word_1_136' title='bbox 233 1989 236 1993; x_wconf 90' lang='lat'><em>·</em></span> <span class='ocrx_word' id='word_1_137' title='bbox 273 1966 355 2031; x_wconf 91' lang='lat' dir='ltr'><strong>haec</strong></span> <span class='ocrx_word' id='word_1_138' title='bbox 387 1972 476 2028; x_wconf 87' lang='lat' dir='ltr'><strong>tecta</strong></span> <span class='ocrx_word' id='word_1_139' title='bbox 506 1971 608 2049; x_wconf 88' lang='lat' dir='ltr'><strong>atque</strong></span> <span class='ocrx_word' id='word_1_140' title='bbox 641 1966 766 2050; x_wconf 90' lang='lat' dir='ltr'><strong>templa</strong></span> <span class='ocrx_word' id='word_1_141' title='bbox 794 1987 844 2030; x_wconf 90' lang='lat' dir='ltr'><strong>me</strong></span> <span class='ocrx_word' id='word_1_142' title='bbox 876 1965 1013 2029; x_wconf 85' lang='lat' dir='ltr'><strong>consule</strong></span> <span class='ocrx_word' id='word_1_143' title='bbox 1044 1973 1158 2030; x_wconf 90' lang='lat' dir='ltr'><strong>vestro</strong></span> <span class='ocrx_word' id='word_1_144' title='bbox 1186 1968 1309 2030; x_wconf 90' lang='lat' dir='ltr'><strong>numine</strong></span> <span class='ocrx_word' id='word_1_145' title='bbox 1362 2017 1369 2054; x_wconf 51' lang='lat'><strong>⁴:</strong></span> 
     </span>
     <span class='ocr_line' id='line_1_17' title="bbox 236 2068 1311 2155; baseline 0.004 -25"><span class='ocrx_word' id='word_1_146' title='bbox 236 2086 251 2130; x_wconf 82' lang='lat'><strong>5</strong></span> <span class='ocrx_word' id='word_1_147' title='bbox 272 2068 466 2153; x_wconf 88' lang='lat' dir='ltr'><strong>auxilioque</strong></span> <span class='ocrx_word' id='word_1_148' title='bbox 490 2070 659 2143; x_wconf 71' lang='lat' dir='ltr'><strong>servastis</strong></span> <span class='ocrx_word' id='word_1_149' title='bbox 685 2075 790 2133; x_wconf 88' lang='lat' dir='ltr'><strong>testor</strong></span> <span class='ocrx_word' id='word_1_150' title='bbox 806 2071 938 2155; x_wconf 89' lang='lat' dir='ltr'><strong>integro</strong></span> <span class='ocrx_word' id='word_1_151' title='bbox 962 2092 1013 2134; x_wconf 89' lang='lat' dir='ltr'><strong>me</strong></span> <span class='ocrx_word' id='word_1_152' title='bbox 1037 2071 1147 2133; x_wconf 86' lang='lat' dir='ltr'><strong>animo</strong></span> <span class='ocrx_word' id='word_1_153' title='bbox 1164 2091 1202 2134; x_wconf 88' lang='lat' dir='ltr'><strong>ac</strong></span> <span class='ocrx_word' id='word_1_154' title='bbox 1219 2071 1311 2135; x_wconf 90' lang='lat' dir='ltr'><strong>libero</strong></span> 
     </span>
    </p>

    <p class='ocr_par' dir='ltr' id='par_1_17' title="bbox 276 2172 1369 2266">
     <span class='ocr_line' id='line_1_18' title="bbox 276 2172 1369 2266; baseline -0.002 -28"><span class='ocrx_word' id='word_1_155' title='bbox 276 2175 314 2238; x_wconf 88' lang='lat' dir='ltr'><strong>P.</strong></span> <span class='ocrx_word' id='word_1_156' title='bbox 332 2175 444 2240; x_wconf 88' lang='lat' dir='ltr'><strong>Sullae</strong></span> <span class='ocrx_word' id='word_1_157' title='bbox 462 2196 595 2240; x_wconf 87' lang='lat' dir='ltr'><strong>causam</strong></span> <span class='ocrx_word' id='word_1_158' title='bbox 613 2172 803 2248; x_wconf 87' lang='lat' dir='ltr'><strong>defendere,</strong></span> <span class='ocrx_word' id='word_1_159' title='bbox 821 2174 952 2236; x_wconf 88' lang='lat' dir='ltr'><strong>nullum</strong></span> <span class='ocrx_word' id='word_1_160' title='bbox 976 2195 995 2236; x_wconf 87' lang='lat' dir='ltr'><strong>a</strong></span> <span class='ocrx_word' id='word_1_161' title='bbox 1018 2195 1070 2238; x_wconf 91' lang='lat' dir='ltr'><strong>me</strong></span> <span class='ocrx_word' id='word_1_162' title='bbox 1094 2175 1223 2239; x_wconf 85' lang='lat' dir='ltr'><strong>sciente</strong></span> <span class='ocrx_word' id='word_1_163' title='bbox 1247 2175 1312 2239; x_wconf 90' lang='lat' dir='ltr'><strong>faci·</strong></span> <span class='ocrx_word' id='word_1_164' title='bbox 1368 2231 1369 2266; x_wconf 91' lang='lat'>4</span> 
     </span>
    </p>

    <p class='ocr_par' dir='ltr' id='par_1_18' title="bbox 275 2278 1369 2362">
     <span class='ocr_line' id='line_1_19' title="bbox 275 2278 1369 2362; baseline -0.001 -19"><span class='ocrx_word' id='word_1_165' title='bbox 275 2302 339 2344; x_wconf 87' lang='lat' dir='ltr'><strong>nus</strong></span> <span class='ocrx_word' id='word_1_166' title='bbox 355 2280 526 2355; x_wconf 88' lang='lat' dir='ltr'><strong>occultari,</strong></span> <span class='ocrx_word' id='word_1_167' title='bbox 544 2279 676 2342; x_wconf 93' lang='lat' dir='ltr'><strong>nullum</strong></span> <span class='ocrx_word' id='word_1_168' title='bbox 693 2278 802 2342; x_wconf 87' lang='lat' dir='ltr'><strong>scelus</strong></span> <span class='ocrx_word' id='word_1_169' title='bbox 821 2285 1014 2361; x_wconf 88' lang='lat' dir='ltr'><strong>susceptum</strong></span> <span class='ocrx_word' id='word_1_170' title='bbox 1038 2286 1155 2342; x_wconf 86' lang='lat' dir='ltr'><strong>eontra</strong></span> <span class='ocrx_word' id='word_1_171' title='bbox 1178 2281 1311 2344; x_wconf 89' lang='lat' dir='ltr'><strong>salutem</strong></span> <span class='ocrx_word' id='word_1_172' title='bbox 1368 2341 1369 2362; x_wconf 16' lang='grc' dir='ltr'>ἶ</span> 
     </span>
    </p>

    <p class='ocr_par' dir='ltr' id='par_1_19' title="bbox 275 2381 1369 2470">
     <span class='ocr_line' id='line_1_20' title="bbox 275 2381 1369 2470; baseline -0.001 -23"><span class='ocrx_word' id='word_1_173' title='bbox 275 2385 423 2448; x_wconf 90' lang='lat' dir='ltr'><strong>omniurn</strong></span> <span class='ocrx_word' id='word_1_174' title='bbox 439 2382 575 2447; x_wconf 91' lang='lat' dir='ltr'><strong>defendi</strong></span> <span class='ocrx_word' id='word_1_175' title='bbox 591 2403 629 2446; x_wconf 86' lang='lat' dir='ltr'><strong>ae</strong></span> <span class='ocrx_word' id='word_1_176' title='bbox 646 2383 726 2467; x_wconf 86' lang='lat' dir='ltr'><strong>tegi.</strong></span> <span class='ocrx_word' id='word_1_177' title='bbox 775 2381 869 2444; x_wconf 92' lang='lat' dir='ltr'><strong>Nihil</strong></span> <span class='ocrx_word' id='word_1_178' title='bbox 884 2381 925 2445; x_wconf 93' lang='lat' dir='ltr'><strong>de</strong></span> <span class='ocrx_word' id='word_1_179' title='bbox 942 2381 1002 2445; x_wconf 92' lang='lat' dir='ltr'><strong>hoc</strong></span> <span class='ocrx_word' id='word_1_180' title='bbox 1023 2383 1141 2446; x_wconf 87' lang='lat' dir='ltr'><strong>consul</strong></span> <span class='ocrx_word' id='word_1_181' title='bbox 1166 2385 1312 2468; x_wconf 89' lang='lat' dir='ltr'><strong>comperi,</strong></span> <span class='ocrx_word' id='word_1_182' title='bbox 1364 2413 1369 2470; x_wconf 71' lang='lat' dir='ltr'>j</span> 
     </span>
    </p>

    <p class='ocr_par' dir='ltr' id='par_1_20' title="bbox 222 2481 1369 2574">
     <span class='ocr_line' id='line_1_21' title="bbox 222 2481 1369 2574; baseline -0.003 -21"><span class='ocrx_word' id='word_1_183' title='bbox 222 2493 261 2554; x_wconf 87' lang='grc'><strong>87</strong></span> <span class='ocrx_word' id='word_1_184' title='bbox 273 2481 357 2551; x_wconf 94' lang='lat' dir='ltr'><strong>nihil</strong></span> <span class='ocrx_word' id='word_1_185' title='bbox 383 2488 571 2571; x_wconf 91' lang='lat' dir='ltr'><strong>suspicatus</strong></span> <span class='ocrx_word' id='word_1_186' title='bbox 596 2507 680 2560; x_wconf 88' lang='lat' dir='ltr'><strong>sum,</strong></span> <span class='ocrx_word' id='word_1_187' title='bbox 708 2486 791 2549; x_wconf 95' lang='lat' dir='ltr'><strong>nihil</strong></span> <span class='ocrx_word' id='word_1_188' title='bbox 823 2485 946 2550; x_wconf 92' lang='lat' dir='ltr'><strong>audivi.</strong></span> <span class='ocrx_word' id='word_1_189' title='bbox 995 2486 1113 2569; x_wconf 86' lang='lat' dir='ltr'><strong>ltaque</strong></span> <span class='ocrx_word' id='word_1_190' title='bbox 1140 2487 1231 2566; x_wconf 81' lang='lat' dir='ltr'><strong>idem</strong></span> <span class='ocrx_word' id='word_1_191' title='bbox 1261 2509 1313 2574; x_wconf 84' lang='lat' dir='ltr'><strong>ego</strong></span> <span class='ocrx_word' id='word_1_192' title='bbox 1368 2521 1369 2526; x_wconf 18' lang='grc' dir='ltr'><strong>κ</strong></span> 
     </span>
    </p>

    <p class='ocr_par' dir='ltr' id='par_1_21' title="bbox 222 2589 1369 2682">
     <span class='ocr_line' id='line_1_22' title="bbox 222 2589 1369 2682; baseline 0.002 -30"><span class='ocrx_word' id='word_1_193' title='bbox 222 2608 251 2653; x_wconf 82' lang='grc'><strong>10</strong></span> <span class='ocrx_word' id='word_1_194' title='bbox 272 2594 340 2667; x_wconf 91' lang='lat' dir='ltr'><strong>ille,</strong></span> <span class='ocrx_word' id='word_1_195' title='bbox 363 2593 421 2676; x_wconf 92' lang='lat' dir='ltr'><strong>qui</strong></span> <span class='ocrx_word' id='word_1_196' title='bbox 448 2591 626 2655; x_wconf 86' lang='lat' dir='ltr'><strong>vehemens</strong></span> <span class='ocrx_word' id='word_1_197' title='bbox 650 2590 685 2653; x_wconf 90' lang='lat' dir='ltr'><strong>in</strong></span> <span class='ocrx_word' id='word_1_198' title='bbox 709 2591 801 2665; x_wconf 87' lang='lat' dir='ltr'><strong>alios,</strong></span> <span class='ocrx_word' id='word_1_199' title='bbox 820 2591 878 2674; x_wconf 92' lang='lat' dir='ltr'><strong>qui</strong></span> <span class='ocrx_word' id='word_1_200' title='bbox 896 2589 1109 2654; x_wconf 88' lang='lat' dir='ltr'><strong>inexorabilis</strong></span> <span class='ocrx_word' id='word_1_201' title='bbox 1135 2591 1170 2653; x_wconf 86' lang='lat' dir='ltr'><strong>in</strong></span> <span class='ocrx_word' id='word_1_202' title='bbox 1196 2601 1314 2656; x_wconf 87' lang='lat' dir='ltr'><strong>ceteros</strong></span> <span class='ocrx_word' id='word_1_203' title='bbox 1366 2673 1369 2682; x_wconf 61' lang='lat'>4</span> 
     </span>
    </p>

    <p class='ocr_par' dir='ltr' id='par_1_22' title="bbox 274 2693 1369 2785">
     <span class='ocr_line' id='line_1_23' title="bbox 274 2693 1369 2785; baseline -0.001 -25"><span class='ocrx_word' id='word_1_204' title='bbox 274 2718 345 2760; x_wconf 90' lang='lat' dir='ltr'><strong>esse</strong></span> <span class='ocrx_word' id='word_1_205' title='bbox 369 2697 461 2758; x_wconf 89' lang='lat' dir='ltr'><strong>visus</strong></span> <span class='ocrx_word' id='word_1_206' title='bbox 485 2715 570 2768; x_wconf 87' lang='lat' dir='ltr'><strong>sum,</strong></span> <span class='ocrx_word' id='word_1_207' title='bbox 594 2695 737 2778; x_wconf 91' lang='lat' dir='ltr'><strong>persolvi</strong></span> <span class='ocrx_word' id='word_1_208' title='bbox 762 2695 899 2778; x_wconf 89' lang='lat' dir='ltr'><strong>patriae,</strong></span> <span class='ocrx_word' id='word_1_209' title='bbox 925 2693 1016 2778; x_wconf 92' lang='lat' dir='ltr'><strong>quod</strong></span> <span class='ocrx_word' id='word_1_210' title='bbox 1039 2693 1178 2768; x_wconf 63' lang='lat' dir='ltr'><strong>debui3,</strong></span> <span class='ocrx_word' id='word_1_211' title='bbox 1194 2697 1315 2780; x_wconf 87' lang='lat' dir='ltr'><strong>reliqua</strong></span> <span class='ocrx_word' id='word_1_212' title='bbox 1368 2781 1369 2785; x_wconf 65' lang='lat'><strong>,</strong></span> 
     </span>
    </p>

    <p class='ocr_par' dir='ltr' id='par_1_23' title="bbox 274 2797 1369 2886">
     <span class='ocr_line' id='line_1_24' title="bbox 274 2797 1369 2886; baseline 0 -24"><span class='ocrx_word' id='word_1_213' title='bbox 274 2800 340 2863; x_wconf 89' lang='lat' dir='ltr'><strong>iam</strong></span> <span class='ocrx_word' id='word_1_214' title='bbox 370 2821 389 2862; x_wconf 91' lang='lat' dir='ltr'><strong>a</strong></span> <span class='ocrx_word' id='word_1_215' title='bbox 419 2820 471 2863; x_wconf 89' lang='lat' dir='ltr'><strong>me</strong></span> <span class='ocrx_word' id='word_1_216' title='bbox 503 2819 593 2862; x_wconf 87' lang='lat' dir='ltr'><strong>meae</strong></span> <span class='ocrx_word' id='word_1_217' title='bbox 624 2807 805 2882; x_wconf 86' lang='lat' dir='ltr'><strong>perpetuae</strong></span> <span class='ocrx_word' id='word_1_218' title='bbox 839 2797 1074 2863; x_wconf 89' lang='lat' dir='ltr'><strong>consuetudini</strong></span> <span class='ocrx_word' id='word_1_219' title='bbox 1112 2806 1314 2884; x_wconf 90' lang='lat' dir='ltr'><strong>naturaeque</strong></span> <span class='ocrx_word' id='word_1_220' title='bbox 1368 2883 1369 2886; x_wconf 63' lang='lat'><strong>,</strong></span> 
     </span>
    </p>

    <p class='ocr_par' dir='ltr' id='par_1_24' title="bbox 221 2901 1369 3719">
     <span class='ocr_line' id='line_1_25' title="bbox 235 2901 1369 2992; baseline -0.001 -25"><span class='ocrx_word' id='word_1_221' title='bbox 235 2975 240 2982; x_wconf 80' lang='lat'>.</span> <span class='ocrx_word' id='word_1_222' title='bbox 274 2902 458 2977; x_wconf 84' lang='lat' dir='ltr'><strong>debentur3</strong></span> <span class='ocrx_word' id='word_1_223' title='bbox 483 2909 551 2965; x_wconf 89' lang='lat' dir='ltr'><strong>tam</strong></span> <span class='ocrx_word' id='word_1_224' title='bbox 572 2924 646 2968; x_wconf 88' lang='lat' dir='ltr'><strong>sum</strong></span> <span class='ocrx_word' id='word_1_225' title='bbox 663 2904 859 2978; x_wconf 87' lang='lat' dir='ltr'><strong>misericors,</strong></span> <span class='ocrx_word' id='word_1_226' title='bbox 886 2901 1022 2977; x_wconf 90' lang='lat' dir='ltr'><strong>iudices,</strong></span> <span class='ocrx_word' id='word_1_227' title='bbox 1040 2923 1141 2986; x_wconf 89' lang='lat' dir='ltr'><strong>quam</strong></span> <span class='ocrx_word' id='word_1_228' title='bbox 1165 2925 1237 2981; x_wconf 89' lang='lat' dir='ltr'><strong>vos,</strong></span> <span class='ocrx_word' id='word_1_229' title='bbox 1255 2912 1315 2968; x_wconf 89' lang='lat' dir='ltr'><strong>tam</strong></span> <span class='ocrx_word' id='word_1_230' title='bbox 1368 2955 1369 2992; x_wconf 91' lang='lat'>4</span> 
     </span>
     <span class='ocr_line' id='line_1_26' title="bbox 275 3006 1317 3092; baseline -0.001 -21"><span class='ocrx_word' id='word_1_231' title='bbox 275 3009 366 3072; x_wconf 91' lang='lat' dir='ltr'><strong>mitis</strong></span> <span class='ocrx_word' id='word_1_232' title='bbox 398 3028 499 3092; x_wconf 90' lang='lat' dir='ltr'><strong>quam</strong></span> <span class='ocrx_word' id='word_1_233' title='bbox 530 3008 589 3091; x_wconf 92' lang='lat' dir='ltr'><strong>qui</strong></span> <span class='ocrx_word' id='word_1_234' title='bbox 627 3008 839 3081; x_wconf 83' lang='lat' dir='ltr'><strong>lenissimus3</strong></span> <span class='ocrx_word' id='word_1_235' title='bbox 879 3008 913 3070; x_wconf 91' lang='lat' dir='ltr'><strong>in</strong></span> <span class='ocrx_word' id='word_1_236' title='bbox 946 3029 1014 3091; x_wconf 92' lang='lat' dir='ltr'><strong>quo</strong></span> <span class='ocrx_word' id='word_1_237' title='bbox 1053 3006 1234 3073; x_wconf 88' lang='lat' dir='ltr'><strong>vehemens</strong></span> <span class='ocrx_word' id='word_1_238' title='bbox 1272 3008 1317 3072; x_wconf 89' lang='lat' dir='ltr'><strong>fui</strong></span> 
     </span>
     <span class='ocr_line' id='line_1_27' title="bbox 224 3110 1317 3196; baseline 0.002 -25"><span class='ocrx_word' id='word_1_239' title='bbox 224 3127 251 3172; x_wconf 84' lang='lat'><strong>15</strong></span> <span class='ocrx_word' id='word_1_240' title='bbox 273 3111 455 3186; x_wconf 91' lang='lat' dir='ltr'><strong>vobiscum,</strong></span> <span class='ocrx_word' id='word_1_241' title='bbox 488 3111 572 3174; x_wconf 89' lang='lat' dir='ltr'><strong>nihil</strong></span> <span class='ocrx_word' id='word_1_242' title='bbox 598 3110 662 3175; x_wconf 90' lang='lat' dir='ltr'><strong>feci</strong></span> <span class='ocrx_word' id='word_1_243' title='bbox 689 3111 754 3175; x_wconf 90' lang='lat' dir='ltr'><strong>nisi</strong></span> <span class='ocrx_word' id='word_1_244' title='bbox 782 3119 927 3186; x_wconf 88' lang='lat' dir='ltr'><strong>coactus,</strong></span> <span class='ocrx_word' id='word_1_245' title='bbox 952 3112 999 3176; x_wconf 91' lang='lat' dir='ltr'><strong>rei</strong></span> <span class='ocrx_word' id='word_1_246' title='bbox 1023 3110 1176 3194; x_wconf 88' lang='lat' dir='ltr'><strong>publicae</strong></span> <span class='ocrx_word' id='word_1_247' title='bbox 1201 3113 1317 3196; x_wconf 83' lang='lat' dir='ltr'><strong>praeei-</strong></span> 
     </span>
     <span class='ocr_line' id='line_1_28' title="bbox 274 3215 1332 3299; baseline 0.001 -22"><span class='ocrx_word' id='word_1_248' title='bbox 274 3215 397 3299; x_wconf 88' lang='lat' dir='ltr'><strong>pitanti</strong></span> <span class='ocrx_word' id='word_1_249' title='bbox 412 3215 565 3291; x_wconf 90' lang='lat' dir='ltr'><strong>subveni,</strong></span> <span class='ocrx_word' id='word_1_250' title='bbox 582 3217 723 3299; x_wconf 85' lang='lat' dir='ltr'><strong>patriam</strong></span> <span class='ocrx_word' id='word_1_251' title='bbox 743 3215 926 3280; x_wconf 87' lang='lat' dir='ltr'><strong>demersam</strong></span> <span class='ocrx_word' id='word_1_252' title='bbox 943 3215 1050 3279; x_wconf 88' lang='lat' dir='ltr'><strong>extuli</strong></span> <span class='ocrx_word' id='word_1_253' title='bbox 1065 3239 1072 3288; x_wconf 93' lang='lat'>;</span> <span class='ocrx_word' id='word_1_254' title='bbox 1097 3216 1332 3280; x_wconf 85' lang='lat' dir='ltr'><strong>misericordia</strong></span> 
     </span>
     <span class='ocr_line' id='line_1_29' title="bbox 275 3318 1316 3404; baseline -0.003 -20"><span class='ocrx_word' id='word_1_255' title='bbox 275 3320 399 3384; x_wconf 89' lang='lat' dir='ltr'><strong>civium</strong></span> <span class='ocrx_word' id='word_1_256' title='bbox 430 3319 568 3384; x_wconf 89' lang='lat' dir='ltr'><strong>adducti</strong></span> <span class='ocrx_word' id='word_1_257' title='bbox 600 3327 673 3383; x_wconf 89' lang='lat' dir='ltr'><strong>tum</strong></span> <span class='ocrx_word' id='word_1_258' title='bbox 704 3318 831 3383; x_wconf 88' lang='lat' dir='ltr'><strong>fuimus</strong></span> <span class='ocrx_word' id='word_1_259' title='bbox 864 3328 932 3383; x_wconf 89' lang='lat' dir='ltr'><strong>tam</strong></span> <span class='ocrx_word' id='word_1_260' title='bbox 964 3319 1191 3395; x_wconf 89' lang='lat' dir='ltr'><strong>vehementes,</strong></span> <span class='ocrx_word' id='word_1_261' title='bbox 1221 3342 1316 3404; x_wconf 90' lang='lat' dir='ltr'><strong>quam</strong></span> 
     </span>
     <span class='ocr_line' id='line_1_30' title="bbox 274 3422 1316 3496; baseline 0.001 -9"><span class='ocrx_word' id='word_1_262' title='bbox 274 3445 408 3490; x_wconf 85' lang='lat' dir='ltr'><strong>necesse</strong></span> <span class='ocrx_word' id='word_1_263' title='bbox 434 3422 510 3487; x_wconf 88' lang='lat' dir='ltr'><strong>fuit.</strong></span> <span class='ocrx_word' id='word_1_264' title='bbox 557 3422 654 3488; x_wconf 85' lang='lat' dir='ltr'><strong>Salus</strong></span> <span class='ocrx_word' id='word_1_265' title='bbox 682 3431 770 3488; x_wconf 88' lang='lat' dir='ltr'><strong>esset</strong></span> <span class='ocrx_word' id='word_1_266' title='bbox 791 3425 911 3488; x_wconf 87' lang='lat' dir='ltr'><strong>amissa</strong></span> <span class='ocrx_word' id='word_1_267' title='bbox 941 3425 1090 3487; x_wconf 91' lang='lat' dir='ltr'><strong>omnium</strong></span> <span class='ocrx_word' id='word_1_268' title='bbox 1113 3445 1181 3487; x_wconf 92' lang='lat' dir='ltr'><strong>una</strong></span> <span class='ocrx_word' id='word_1_269' title='bbox 1212 3432 1316 3496; x_wconf 87' lang='lat' dir='ltr'><strong>nocte,</strong></span> 
     </span>
     <span class='ocr_line' id='line_1_31' title="bbox 274 3527 1317 3614; baseline 0 -22"><span class='ocrx_word' id='word_1_270' title='bbox 274 3529 339 3594; x_wconf 89' lang='lat' dir='ltr'><strong>nisi</strong></span> <span class='ocrx_word' id='word_1_271' title='bbox 364 3536 453 3593; x_wconf 90' lang='lat' dir='ltr'><strong>esset</strong></span> <span class='ocrx_word' id='word_1_272' title='bbox 476 3529 637 3593; x_wconf 87' lang='lat' dir='ltr'><strong>severitas</strong></span> <span class='ocrx_word' id='word_1_273' title='bbox 663 3528 723 3591; x_wconf 90' lang='lat' dir='ltr'><strong>illa</strong></span> <span class='ocrx_word' id='word_1_274' title='bbox 747 3536 912 3614; x_wconf 90' lang='lat' dir='ltr'><strong>suscepta.</strong></span> <span class='ocrx_word' id='word_1_275' title='bbox 961 3527 1026 3593; x_wconf 89' lang='lat' dir='ltr'><strong>Sed</strong></span> <span class='ocrx_word' id='word_1_276' title='bbox 1050 3537 1089 3592; x_wconf 91' lang='lat' dir='ltr'><strong>ut</strong></span> <span class='ocrx_word' id='word_1_277' title='bbox 1120 3528 1317 3594; x_wconf 88' lang='lat' dir='ltr'><strong>adscelera·</strong></span> 
     </span>
     <span class='ocr_line' id='line_1_32' title="bbox 221 3631 1317 3719; baseline 0.002 -25"><span class='ocrx_word' id='word_1_278' title='bbox 221 3649 251 3694; x_wconf 79' lang='lat' dir='ltr'><strong>eo</strong></span> <span class='ocrx_word' id='word_1_279' title='bbox 273 3642 384 3698; x_wconf 91' lang='lat' dir='ltr'><strong>torum</strong></span> <span class='ocrx_word' id='word_1_280' title='bbox 399 3655 540 3719; x_wconf 88' lang='lat' dir='ltr'><strong>poenam</strong></span> <span class='ocrx_word' id='word_1_281' title='bbox 556 3653 667 3698; x_wconf 90' lang='lat' dir='ltr'><strong>amore</strong></span> <span class='ocrx_word' id='word_1_282' title='bbox 683 3633 730 3698; x_wconf 91' lang='lat' dir='ltr'><strong>rei</strong></span> <span class='ocrx_word' id='word_1_283' title='bbox 746 3633 898 3717; x_wconf 88' lang='lat' dir='ltr'><strong>publicae</strong></span> <span class='ocrx_word' id='word_1_284' title='bbox 915 3655 989 3697; x_wconf 88' lang='lat' dir='ltr'><strong>sum</strong></span> <span class='ocrx_word' id='word_1_285' title='bbox 1013 3631 1190 3710; x_wconf 69' lang='lat' dir='ltr'><strong>adductus</strong></span> <span class='ocrx_word' id='word_1_286' title='bbox 1208 3634 1255 3698; x_wconf 88' lang='lat' dir='ltr'><strong>sic</strong></span> <span class='ocrx_word' id='word_1_287' title='bbox 1277 3632 1317 3697; x_wconf 89' lang='lat' dir='ltr'><strong>ad</strong></span> 
     </span>
    </p>

    <p class='ocr_par' dir='ltr' id='par_1_25' title="bbox 273 3737 1029 3802">
     <span class='ocr_line' id='line_1_33' title="bbox 273 3737 1029 3802; baseline -0.004 0"><span class='ocrx_word' id='word_1_288' title='bbox 273 3738 415 3802; x_wconf 87' lang='lat' dir='ltr'><strong>salutern</strong></span> <span class='ocrx_word' id='word_1_289' title='bbox 433 3737 664 3802; x_wconf 86' lang='lat' dir='ltr'><strong>innocentium</strong></span> <span class='ocrx_word' id='word_1_290' title='bbox 680 3737 856 3802; x_wconf 86' lang='lat' dir='ltr'><strong>voluntate</strong></span> <span class='ocrx_word' id='word_1_291' title='bbox 873 3737 1029 3802; x_wconf 88' lang='lat' dir='ltr'><strong>deducor.</strong></span> 
     </span>
    </p>

    <p class='ocr_par' dir='ltr' id='par_1_26' title="bbox 220 3840 1317 3927">
     <span class='ocr_line' id='line_1_34' title="bbox 220 3840 1317 3927; baseline -0.003 -19"><span class='ocrx_word' id='word_1_292' title='bbox 220 3844 261 3908; x_wconf 89' lang='lat'><strong>88</strong></span> <span class='ocrx_word' id='word_1_293' title='bbox 317 3842 410 3904; x_wconf 93' lang='lat' dir='ltr'><strong>Nihil</strong></span> <span class='ocrx_word' id='word_1_294' title='bbox 436 3841 534 3907; x_wconf 92' lang='lat' dir='ltr'><strong>video</strong></span> <span class='ocrx_word' id='word_1_295' title='bbox 558 3862 629 3905; x_wconf 88' lang='lat' dir='ltr'><strong>esse</strong></span> <span class='ocrx_word' id='word_1_296' title='bbox 652 3843 687 3904; x_wconf 93' lang='lat' dir='ltr'><strong>in</strong></span> <span class='ocrx_word' id='word_1_297' title='bbox 710 3841 773 3904; x_wconf 91' lang='lat' dir='ltr'><strong>hoo</strong></span> <span class='ocrx_word' id='word_1_298' title='bbox 797 3841 835 3902; x_wconf 91' lang='lat' dir='ltr'><strong>P.</strong></span> <span class='ocrx_word' id='word_1_299' title='bbox 861 3840 964 3916; x_wconf 87' lang='lat' dir='ltr'><strong>Sulla,</strong></span> <span class='ocrx_word' id='word_1_300' title='bbox 989 3840 1126 3917; x_wconf 90' lang='lat' dir='ltr'><strong>iudices,</strong></span> <span class='ocrx_word' id='word_1_301' title='bbox 1151 3841 1228 3905; x_wconf 92' lang='lat' dir='ltr'><strong>odio</strong></span> <span class='ocrx_word' id='word_1_302' title='bbox 1251 3841 1317 3927; x_wconf 83' lang='lat' dir='ltr'><strong>dig·</strong></span> 
     </span>
    </p>
   </div>
   <div class='ocr_carea' id='block_1_3' title="bbox 0 0 1430 4367">
    <p class='ocr_par' dir='ltr' id='par_1_27' title="bbox 0 0 1430 4367">
     <span class='ocr_line' id='line_1_35' title="bbox 0 0 1430 4367; baseline 0 0"><span class='ocrx_word' id='word_1_303' title='bbox 0 0 1430 4367; x_wconf 95' lang='lat' dir='ltr'><strong> </strong></span> 
     </span>
    </p>
   </div>
  </div>
 </body>
</html>
