2800 4367
205 332 269 398 284
465 341 537 396 PRO
560 342 591 394 Τ.
615 340 736 395 anulo
759 339 905 394 MILONE
927 338 1076 395 ORATIO.

203 538 234 583 30
256 519 457 594 adessemus,
470 518 594 581 mortui
606 517 805 582 viveremus
840 515 937 580 Hanc
950 515 1095 600 denique
1109 537 1191 592 esse,
1205 515 1319 580 cuius

256 622 416 710 gradibus
428 623 528 686 etiam
543 622 578 684 in
590 621 720 684 caelum
737 620 887 685 homines
905 620 1102 684 viderentur
1113 619 1318 684 ascendere.

204 731 244 793 98
261 727 331 790 ‘De
361 725 435 802 me,’
462 726 585 810 inquit,
615 734 764 809 ‘semper
790 725 936 809 populus
966 725 1147 798 Romanus,
1171 745 1320 808 semper

258 851 371 894 omnes
401 836 518 916 gentes
555 829 748 913 loquentur,
779 829 873 893 nulla
903 850 1064 912 umquam
1095 828 1321 892 obmutescet

256 941 418 998 vetustas
466 932 558 1012 Quin
580 933 643 997 hoc
667 940 817 1017 tempore
840 934 923 1017 ipso,
940 954 1017 997 cum
1041 953 1154 997 omnes
1178 953 1197 995 a
1221 932 1317 996 meis

204 1057 233 1101 35
256 1039 399 1102 inimicis
423 1037 512 1101 faces
539 1035 686 1100 invidiae
714 1058 804 1100 meae
831 1036 1051 1113 subiciantur,
1075 1044 1187 1100 tamen
1212 1036 1317 1100 omni

256 1144 291 1205 in
318 1142 490 1205 hominum
513 1146 611 1204 coetu
638 1141 755 1225 gratiis
787 1140 926 1225 agendis
958 1148 992 1204 et
1019 1140 1317 1226 gratulationibus
1375 1209 1376 1212 Ἴ

257 1244 418 1308 habendis
431 1251 466 1308 et
480 1244 570 1308 omni
586 1265 739 1308 sermone
752 1243 966 1308 celebramur.
1000 1243 1130 1308 Omitto
1147 1244 1316 1308 Etruriae

259 1349 362 1413 festos
386 1356 421 1412 et
442 1356 532 1412 actos
556 1354 593 1411 et
618 1349 792 1411 institutos
821 1347 902 1412 dies.
949 1347 1142 1413 Centesima
1168 1349 1228 1412 lux
1254 1356 1318 1413 est

257 1453 337 1517 haec
353 1453 395 1516 ab
409 1453 549 1516 interitu
575 1451 614 1514 P.
632 1451 730 1518 Clodi
754 1459 798 1527 et,
816 1453 942 1536 opinor,
959 1453 1073 1517 altera.
1121 1452 1197 1532 Qua
1220 1453 1314 1518 fines

203 1576 234 1620 40
257 1557 386 1642 imperii
409 1556 526 1641 populi
554 1556 696 1620 Romani
720 1562 810 1631 sunt,
835 1578 873 1620 ea
896 1578 962 1620 11011
990 1557 1099 1621 solum
1126 1556 1215 1620 fama
1238 1559 1313 1620 iarn

257 1661 297 1725 de
321 1662 390 1737 illo,
414 1660 474 1724 sed
497 1661 598 1724 etiam
621 1660 750 1723 laetitia
777 1661 976 1746 peragravit.
1023 1660 1134 1745 Quam
1158 1661 1200 1725 ob
1222 1683 1311 1737 rem,

256 1765 314 1830 ubi
330 1786 450 1849 corpus
472 1763 534 1828 hoc
549 1765 604 1840 sit,
620 1763 709 1839 non,’
726 1764 848 1847 inquit,
868 1763 1008 1840 ‘labora
1026 1766 1185 1848 quoniam
1202 1767 1314 1829 omni-

257 1870 318 1935 bns
335 1871 370 1933 in
387 1870 484 1934 terris
500 1869 616 1933 etiam
635 1875 790 1932 versatur
812 1875 846 1932 et
869 1890 999 1953 semper
1020 1869 1186 1934 habitabit
1201 1872 1312 1934 nomi-

256 1977 308 2038 nis
325 1975 389 2039 mei
405 1973 533 2060 gloria!

204 2083 243 2146 99
302 2096 434 2142 11111111.
481 2077 574 2141 Haec
590 2085 629 2142 tu
650 2099 783 2141 mecum
806 2099 903 2162 saepe
927 2077 978 2142 his
1002 2077 1216 2154 absentibus3
1245 2079 1310 2144 sed

257 2182 363 2248 isdem
379 2182 595 2247 audientibus
616 2182 697 2246 haec
714 2202 777 2267 ego
798 2189 920 2257 tecum,
938 2181 1043 2245 Milo:
1070 2183 1137 2246 ‘Te
1155 2182 1308 2266 quidem,

257 2310 333 2352 oum
349 2289 413 2352 isto
433 2289 543 2351 animo
567 2309 612 2362 es,
630 2287 711 2350 satis
735 2284 870 2350 laudare
894 2306 960 2348 non
985 2307 1132 2370 possum,
1149 2286 1217 2363 sed,
1235 2309 1308 2371 quo

257 2400 310 2457 est
339 2394 403 2457 ista
433 2393 539 2478 magis
571 2391 686 2456 divina
717 2391 835 2466 virtus
862 2410 901 2454 10
931 2391 1054 2454 maiore
1082 2412 1101 2454 a
1128 2398 1161 2455 te
1189 2389 1307 2455 dolore

219 2497 409 2562 odivellor.
455 2497 525 2559 Nec
554 2517 642 2570 vern,
666 2495 694 2558 si
726 2494 806 2556 mihi
838 2496 983 2579 eriperis,
1012 2496 1142 2579 reliqua
1169 2477 1225 2559 est
1246 2496 1308 2558 illa

257 2608 370 2664 11111111
386 2600 429 2664 ad
445 2599 686 2664 consolandum
710 2600 871 2682 querella,
889 2607 928 2663 ut
950 2601 990 2664 iis
1015 2601 1111 2665 irasci
1134 2601 1269 2684 possim,
1287 2621 1308 2662 a

259 2704 381 2788 quibus
411 2711 543 2768 tantum
574 2704 699 2767 vulnus
731 2725 898 2788 accepero.
953 2703 1029 2768 Non
1061 2705 1149 2768 enim
1176 2705 1306 2768 inimici

258 2810 323 2872 mei
340 2816 373 2873 te
384 2809 470 2871 'mihi
487 2808 639 2892 eripient,
652 2807 712 2871 sed
724 2808 925 2883 amicissimi,
939 2829 1005 2871 non
1022 2809 1107 2872 male
1121 2807 1306 2891 aliquando

259 2913 300 2978 de
324 2935 375 2977 me
399 2913 518 2988 meriti,
536 2911 595 2976 sed
619 2933 751 2996 semper
773 2911 918 2996 optime.’
965 2911 1108 2975 Nullum
1131 2934 1305 2996 umquam,

207 3037 236 3080 10
260 3018 398 3094 iudices,
415 3017 495 3080 mihi
513 3024 645 3081 tanturn
668 3016 816 3081 dolorem
841 3017 982 3082 inuretis
1002 3017 1085 3100 (etsi
1101 3017 1177 3100 quis
1193 3024 1308 3102 potest

260 3145 331 3188 esse
347 3130 463 3186 tantus
473 3123 520 3205 5²),
534 3121 594 3185 sed
611 3143 652 3185 ne
669 3121 759 3185 hunc
777 3121 914 3205 quidem
930 3122 1051 3205 ipsum,
1063 3128 1102 3184 ut
1118 3121 1305 3198 obliviscar,

261 3228 379 3310 quanti
395 3249 447 3290 me
471 3247 601 3310 semper
623 3224 781 3290 feceritis.
829 3225 923 3305 Quae
943 3226 971 3290 si
987 3247 1047 3289 vos
1064 3225 1154 3310 cepit
1170 3225 1306 3302 oblivio,

260 3338 320 3394 aut
334 3333 362 3395 si
378 3332 412 3394 in
429 3353 481 3395 me
505 3329 634 3414 aliquid
658 3328 856 3406 offendistis
874 3353 935 3395 cur
956 3351 1024 3393 11011
1048 3329 1083 3393 id
1107 3352 1181 3394 meo
1197 3331 1305 3415 capite

261 3437 374 3520 potius
397 3436 506 3499 luitur
527 3456 628 3518 quam
654 3434 818 3498 Milonis?
866 3434 1039 3498 Praeclare
1065 3435 1153 3498 enim
1179 3435 1305 3512 vixero,
1375 3437 1376 3442 ’

210 3558 238 3602 15
261 3541 289 3603 si
317 3541 400 3624 quid
430 3541 511 3602 mihi
541 3538 709 3614 acciderit,
742 3540 938 3623 priusquam
968 3539 1031 3603 hoc
1063 3545 1196 3603 tantum
1227 3541 1306 3604 mali

192 3647 249 3708 100
264 3644 389 3708 videro.
434 3644 533 3707 Nunc
556 3665 609 3707 1111
634 3664 702 3707 una
725 3643 907 3707 consolatio
930 3650 1109 3719 sustentat,
1127 3643 1219 3727 quod
1235 3644 1305 3719 tibi,
1375 3651 1376 3656 ’

267 3747 307 3809 Τ.
324 3748 427 3822 Anni,
451 3747 583 3810 nullum
608 3769 627 3810 a
651 3769 703 3811 me
731 3748 860 3822 amoris,
884 3746 1017 3810 nullum
1042 3747 1157 3822 studii,
1174 3746 1306 3810 nullum
1375 3783 1376 3792 1

264 3851 397 3935 pietatis
414 3850 560 3914 officium
577 3850 695 3914 deluit.
743 3851 817 3936 Ego
835 3851 1026 3914 inimicitias
1042 3851 1231 3934 potentium
1247 3872 1306 3934 pro
1375 3883 1376 3886 ¹
