2800 4367
467 325 548 376 cnr.
573 327 662 389 saca,
686 326 700 387 s
722 326 809 382 71-75.
1179 318 1223 381 63

117 496 293 560 hominum
317 498 353 559 in
376 497 627 583 magistratibus
655 497 852 562 mandandis
874 501 1040 585 corrumpi
1056 502 1172 587 volup-

117 600 247 665 tatibus
271 608 433 685 oportere.
481 601 580 687 Ergo,
604 601 647 665 ad
677 623 793 666 cenam
821 604 993 686 petitionis
1018 626 1117 668 causa
1141 608 1171 669 si

117 706 196 788 quis
214 713 321 780 vocat,
339 704 603 769 condemnetur?
651 704 826 790 ‘Quippe'
849 705 983 790 inquit;
1008 715 1068 771 ‘tu
1090 709 1171 771 mihi

116 832 288 873 summum
312 803 499 893 imperium,
523 832 685 888 summam
710 811 954 887 auctoritatem,
986 820 1024 876 tu
1055 812 1172 899 guber-

118 914 240 978 nacula
269 914 317 978 rei
348 914 502 997 publicae
534 921 627 998 petas
665 913 820 979 fovendis
856 914 1030 979 hominnm
1071 918 1171 981 sensi·
1192 933 1222 977 25

118 1018 183 1083 bus
210 1025 245 1082 et
266 1017 470 1083 deleniendis
493 1019 613 1083 animis
637 1027 672 1083 et
693 1018 891 1083 adhibendis
913 1020 1170 1105 voluptatibus?
1224 1049 1231 1063 κ

119 1122 244 1186 Utrum
272 1121 496 1196 lenocinium‚'
523 1122 644 1206 inquit,
674 1132 712 1186 ‘a
735 1145 837 1209 grege
856 1123 1031 1188 delicatae
1057 1125 1172 1189 iuven·

118 1227 203 1289 tutis
234 1247 277 1288 an
307 1225 396 1290 orbis
422 1233 584 1289 terrarum
615 1227 789 1310 imperium
822 1248 842 1290 a
868 1229 993 1312 populo
1021 1229 1170 1293 Romano

105 1330 255 1413 petebas
268 1330 303 1392 ?'
350 1330 529 1395 Horribilis
545 1332 651 1394 oratio
665 1354 673 1405 ;
690 1330 751 1395 sed
766 1353 839 1395 eam
852 1353 942 1407 usus,
960 1334 1040 1409 vita,
1052 1355 1169 1409 morea,

117 1436 239 1500 civitas
255 1435 328 1519 ipsa
343 1435 481 1519 respuit.
528 1434 647 1519 Neque
671 1442 784 1498 tamen
809 1435 1073 1513 Lacedaemonii,
1096 1460 1171 1502 auc-
1192 1454 1223 1497 ao

97 1528 209 1604 'tores
230 1540 328 1604 istius
344 1540 432 1605 vitae
455 1546 559 1623 atque
583 1540 753 1615 orationis,
777 1542 837 1623 qui
861 1541 1038 1605 cotidianis
1062 1544 1170 1626 epulis

116 1645 154 1706 in
185 1643 300 1708 robore
339 1643 551 1719 accumbunt,
591 1665 700 1728 neque
741 1666 819 1709 vero
858 1645 984 1721 Cretes,
1024 1668 1170 1730 quorum

116 1769 217 1812 nemo
241 1749 392 1833 gustavit
414 1769 573 1831 umquam
601 1747 736 1824 cubans,
759 1750 878 1813 melius
903 1772 1004 1833 quam
1028 1752 1169 1815 Romani

116 1852 281 1927 homines
320 1853 379 1936 qui
419 1861 567 1936 tempora
605 1852 789 1937 voluptatis
828 1854 1017 1938 laborisque
1048 1854 1171 1940 disper-

117 1958 221 2033 tiunt,
238 1978 289 2031 res
305 1956 456 2041 publicas
473 1978 549 2020 suas
566 1957 800 2032 retinuerunt3
829 1980 972 2042 quorum
989 1959 1086 2023 alteri
1102 1982 1170 2023 uno
1193 1978 1221 2021 aa

117 2061 270 2130 adventu
298 2062 402 2125 nostri
428 2062 596 2125 exercitus
622 2060 726 2126 deleti
749 2069 840 2138 sunt,
864 2062 961 2127 alteri
984 2065 1089 2127 nostri
1114 2066 1171 2127 im-

117 2163 203 2249 perii
228 2162 393 2247 praesidio
417 2162 628 2247 disciplinam
651 2185 747 2227 suam
772 2163 931 2250 legesque
959 2177 1168 2230 conservant.

117 2280 253 2327 xxxvl.
292 2262 403 2341 Quare
442 2264 521 2336 noli,
554 2263 649 2338 Cato,
685 2265 848 2327 maiorum
883 2266 1047 2340 instituta,
1082 2271 1221 2350 quae75

117 2390 172 2433 res
198 2368 277 2451 ipsa,
300 2388 387 2451 quae
413 2366 619 2431 diuturnitas
640 2369 771 2451 imperii
796 2369 999 2453 comprobat,
1028 2370 1188 2433 nimium'

117 2494 236 2538 severa
266 2472 414 2536 oratione
441 2470 694 2555 reprehendere.
742 2472 823 2536 Fuit
847 2473 964 2537 eodem
990 2496 1032 2538 ex
1057 2475 1169 2538 studio

117 2578 173 2643 vir
202 2576 354 2641 eruditus
386 2576 476 2661 apud
508 2584 618 2660 patres
650 2584 780 2641 nostros
814 2585 849 2641 et
879 2577 1039 2642 honestus
1070 2578 1169 2643 homo

118 2690 155 2747 et
185 2671 314 2759 nobilis,
349 2680 391 2760 Q.
427 2680 570 2745 Tubero.
618 2681 661 2756 is,
697 2704 774 2744 cum
808 2683 945 2765 epulum
984 2682 1026 2761 Q.
1063 2683 1171 2745 Maxi·
1206 2698 1221 2743 5

118 2808 195 2849 mus
220 2784 258 2849 P.
284 2784 447 2861 Africani,
475 2786 586 2869 patrui
617 2786 680 2861 sui,
709 2785 842 2849 nomine
868 2787 993 2870 populo
1019 2788 1169 2850 Romano

118 2890 224 2965 daret,
252 2896 389 2976 rogatus
414 2895 466 2953 est
490 2910 509 2952 a
534 2888 694 2965 Maximo,
723 2896 763 2952 ut
788 2890 970 2953 triclinium
996 2898 1169 2965 sterneret,

118 3017 197 3059 cum
240 3001 329 3058 esset
363 2993 496 3057 Tubero
534 2992 684 3057 eiusdem
722 2992 886 3068 Africani,
916 2995 1037 3057 sororis
1070 2993 1169 3057 filius.

120 3100 238 3183 Atque
259 3099 327 3173 ille,
351 3098 449 3162 homo
469 3096 715 3162 eruditissimus
737 3118 774 3161 ac
798 3097 940 3172 Stoicus
964 3100 1085 3163 stravit
1104 3098 1172 3183 pel·

119 3204 231 3267 liculis
262 3202 414 3265 haedinis
447 3202 588 3265 lectulos
622 3201 812 3266 Punicanos
844 3210 880 3267 et
909 3204 1067 3286 exposuit
1092 3224 1171 3267 vasa
1194 3219 1223 3264 10

119 3306 240 3380 Samia,
257 3307 354 3390 quasi
378 3327 457 3370 vero
482 3312 571 3369 esset
595 3304 766 3391 Diogenes
790 3305 939 3391 Cynicus
962 3314 1113 3371 mortuus
1137 3315 1171 3370 et

120 3432 187 3474 non
207 3410 314 3474 divini
337 3409 480 3473 hominis
505 3408 658 3473 Africani
682 3432 770 3473 mors
793 3410 1045 3484 honestaretur3
1069 3433 1185 3495 quem·
1282 3438 1285 3446 ·

120 3536 197 3579 cum
222 3535 377 3597 supremo
403 3515 474 3577 eius
496 3512 550 3576 die
573 3513 743 3577 Maximus
768 3513 930 3589 laudaret,
954 3516 1078 3600 gratias
1102 3516 1172 3599 egit

121 3619 172 3683 dis
210 3618 463 3694 immortalibus
501 3618 593 3702 quod
628 3618 684 3682 ille
721 3619 775 3683 vir
812 3619 848 3681 in
879 3618 941 3681 hac
972 3641 1006 3683 re
1038 3618 1172 3702 publica

121 3724 332 3808 potissimum
359 3729 458 3786 natus
486 3730 593 3795 esset;
619 3742 755 3785 necesse
783 3723 872 3785 enim
896 3721 1001 3786 fuisse
1026 3722 1072 3786 ibi
1099 3744 1171 3786 esse
1195 3738 1224 3783 15

121 3834 285 3896 terrarum
323 3826 509 3914 imperium,
546 3826 602 3890 ubi
630 3826 688 3891 ille
717 3832 813 3891 esset.
861 3824 974 3889 Huius
998 3826 1034 3889 in
1064 3834 1170 3890 morte
