2800 4367
154 304 193 375 12
416 316 556 373 oulrro
580 317 621 374 ru
644 318 858 373 summurn
880 319 1008 374 rarus.

203 494 420 579 perditorum,
448 494 539 559 exire
571 496 709 579 patiere,
738 502 778 559 ut
803 494 861 559 abs
889 504 922 560 te
948 517 1015 559 non
1040 497 1200 562 emissus
1229 516 1275 560 ex

202 597 292 673 urbe,
309 597 368 661 sed
398 599 566 662 immissus
594 599 628 661 in
656 598 771 662 urbem
801 621 874 663 esse
902 598 1081 664 videatur?
1134 600 1275 663 Nonne

202 701 291 766 hunc
307 702 341 764 in
358 703 470 767 vincla
494 701 584 778 duci,
601 724 668 766 non
693 701 736 765 ad
763 712 904 766 mortem
928 705 1010 788 rapi,
1027 726 1094 769 non
1119 726 1275 769 summo

151 808 190 871 28
202 806 367 890 supplicio
383 805 520 870 mactari
534 805 736 891 imperabis?
784 805 877 885 Quid
891 806 1072 871 tandem'te
1085 807 1274 893 impedit?

152 929 179 974 15
203 931 315 974 mosne
346 910 534 973 maiorum?
582 910 632 973 At
661 932 819 995 persaepe
846 912 947 975 etiam
976 912 1097 996 privati
1125 914 1166 975 in
1200 912 1272 975 hac

202 1036 236 1077 re
267 1013 401 1097 publica
431 1014 635 1098 perniciosos
666 1015 756 1078 cives
784 1022 890 1079 morte
932 1014 1131 1079 multarimt.
1203 1017 1269 1079 An

201 1118 303 1203 legeS,
329 1138 414 1201 quae
442 1118 483 1181 de
512 1118 637 1183 civium
665 1118 891 1183 Romanorum
920 1120 1086 1203 supplicio
1115 1129 1269 1207 rogatae

200 1221 304 1285 sunt?
352 1222 400 1285 At
431 1242 616 1305 numquam
646 1222 680 1284 in
712 1221 773 1286 hac
802 1222 892 1299 urbe,
921 1224 980 1307 qui
1007 1245 1027 1286 a
1054 1212 1088 1288 re
1115 1225 1267 1308 publica

201 1324 406 1401 defecerunt,
423 1326 549 1390 civium
578 1326 650 1388 iura
678 1333 870 1391 tenuerunt.
917 1328 974 1390 An
1004 1327 1168 1392 invidiam
1202 1350 1267 1414 po-

149 1429 359 1493 austeritatis
404 1428 528 1492 times?
577 1428 785 1493 Praeclaram
816 1452 895 1495 vero
931 1432 1056 1515 populo
1099 1433 1263 1496 Romano

201 1530 303 1596 refers
336 1533 488 1617 gratiam,
521 1532 579 1615 qui
617 1540 661 1607 te,
693 1533 861 1597 hominem
901 1556 960 1618 per
991 1543 1023 1598 te
1064 1537 1260 1621 cognitum,

201 1636 294 1699 nulla
310 1634 597 1700 commendatione
616 1637 779 1700 maiorum
796 1645 864 1700 tam
881 1645 1010 1702 mature
1024 1638 1066 1700 ad
1079 1660 1257 1703 summum

200 1742 376 1824 imperium
393 1762 453 1823 per
469 1742 576 1803 omnis
593 1740 756 1804 honorum
772 1741 897 1827 gradus
914 1743 1049 1816 extulit,
1066 1744 1094 1806 si
1112 1753 1258 1827 propter

148 1858 177 1902 24
200 1844 361 1908 invidiam
377 1852 437 1907 aut
458 1844 601 1907 alicuius
627 1845 767 1928 periculi
795 1851 921 1908 metum
950 1846 1093 1909 salutem
1122 1849 1254 1911 civium

148 1953 334 2016 astrorum
352 1948 511 2033 neglegis.
559 1946 635 2023 Sed,
652 1949 680 2011 si
697 1950 773 2031 quis
793 1956 846 2011 est
871 1948 1017 2013 invidiae
1043 1958 1163 2027 metus,
1180 1974 1253 2016 non

199 2062 252 2119 est
267 2053 497 2118 vehementius
514 2053 703 2117 severitatis
720 2073 757 2115 ac
774 2052 984 2117 fortitudinis
1002 2054 1130 2118 invidia
1147 2076 1252 2139 quam
1334 2128 1337 2133 ,

199 2158 338 2223 inertiae
366 2179 404 2221 ac
435 2157 605 2241 nequitiae
637 2155 913 2239 pertimescenda.
960 2159 1027 2232 An,
1056 2179 1132 2221 cum
1160 2158 1251 2221 bello
1301 2210 1304 2213 .

199 2262 392 2339 vastabitur,
411 2261 519 2335 Italia,
552 2259 766 2324 vexabuntur
797 2259 905 2335 urbeS,
942 2267 1033 2325 tecta
1072 2261 1249 2338 ardebunt,

199 2374 271 2430 tum
305 2374 338 2431 te
372 2388 439 2429 non
468 2366 651 2430 existumas
678 2363 825 2429 invidiae
850 2363 1005 2428 incendio
1030 2363 1249 2450 conflagratu-

199 2470 315 2535 rum?’
353 2488 424 2548 XU-
442 2469 506 2533 His
523 2489 584 2554 ego
600 2469 819 2531 sanctissimis
832 2470 880 2532 rei
896 2467 1048 2551 publicae
1062 2468 1200 2532 vocibus
1213 2477 1248 2533 et

197 2598 312 2640 eorum
327 2574 511 2648 hominum,
524 2571 584 2656 qui
597 2571 659 2635 hoc
675 2571 765 2636 idem
781 2572 943 2646 sentiunt,
957 2572 1125 2636 mentibus
1141 2595 1247 2656 pauca

198 2677 413 2763 respondebo.
460 2676 533 2762 Ego
548 2677 577 2739 si
593 2676 655 2739 hoc
678 2677 842 2759 optimum
867 2674 960 2739 factu
984 2676 1176 2752 iudiearem,
1193 2698 1246 2761 pa·

197 2790 264 2847 tres
281 2782 469 2865 conscripti,
488 2779 669 2844 Catilinam
693 2788 799 2843 morte
823 2776 969 2856 multari,
986 2782 1087 2845 unius
1112 2802 1246 2845 usuram

161 2886 297 2951 chorae
320 2885 498 2973 gladiatori
521 2885 577 2948 isti
601 2883 643 2948 ad
656 2883 839 2950 vivendum
863 2907 930 2949 non
948 2885 1123 2951 dedissem.
1171 2886 1247 2949 Ete-

198 2992 277 3067 nim,
308 2992 336 3053 si
359 2990 481 3053 summi
512 2989 576 3053 viri
611 2997 645 3054 et
679 2990 854 3055 clarissimi
886 2992 975 3055 cives
1008 2989 1181 3053 Saturnini
1212 2997 1247 3052 et

199 3092 427 3159 Gracchorum
449 3101 485 3157 et
507 3092 619 3157 Flacci
644 3102 679 3158 et
701 3096 910 3179 superiorum
936 3093 1159 3175 complurium
1174 3113 1247 3155 san·

198 3199 299 3283 guine
324 3219 390 3260 non
408 3196 504 3260 modo
520 3218 555 3261 se
572 3219 640 3261 non
657 3198 939 3269 contaminarunt,
956 3193 1015 3257 sed
1042 3194 1143 3256 etiam
1167 3195 1246 3256 hon·

198 3309 360 3377 estarunt,
385 3309 473 3365 certe
497 3300 684 3366 verendum
709 3298 790 3361 mihi
813 3320 881 3361 non
905 3304 985 3368 erat,
1010 3318 1052 3359 ne
1076 3296 1244 3378 quidhoc

148 3417 176 3461 10
198 3405 360 3490 parricida
391 3406 516 3468 civium
548 3404 728 3468 interfecto
763 3400 908 3465 invidiae
941 3401 973 3461 in
1015 3399 1243 3483 posteritatem

198 3508 409 3574 redundaret.
490 3506 621 3587 Quodsi
658 3527 697 3569 ea
736 3504 816 3566 mihi
856 3505 998 3567 maxime
1037 3502 1243 3587 inpenderet,

198 3622 308 3679 tamen
325 3613 386 3677 hoc
408 3613 519 3677 animo
545 3609 595 3673 fui
620 3630 759 3692 semper,
777 3613 816 3670 ut
843 3606 1004 3672 invidiam
1022 3608 1149 3672 virtute
1174 3628 1245 3691 par·

146 3720 187 3782 30
198 3726 266 3781 tam
283 3718 432 3802 gloriam,
450 3737 516 3779 non
539 3713 700 3779 invidiam
728 3720 889 3797 putarem.
938 3712 1152 3799 Quamquam
1177 3733 1244 3775 non

199 3820 283 3882 nulli
299 3829 381 3883 sunt
405 3822 439 3882 in
468 3821 529 3882 hoc
556 3818 680 3894 ordine,
708 3818 767 3902 qui
792 3825 925 3894 autea,
952 3840 1038 3903 quae
1065 3818 1244 3890 inminent,
