2800 4367
200 327 263 394 126
547 339 620 391 rao
641 340 672 390 r.
695 337 819 392 sunni
841 337 990 390 oacrio.

250 511 439 578 disturbare
461 510 596 586 iudicia,
627 511 663 574 in
693 510 791 575 bonis
814 510 914 576 rebus
937 511 1045 575 omnis
1076 515 1285 586 contemnere,

199 632 229 678 as
250 618 286 680 in
302 617 398 680 malis
414 637 564 702 pugnare
580 623 698 680 contra
713 615 829 690 bonos,
846 636 913 678 non
929 616 978 680 rei
998 613 1153 699 publicae
1174 613 1287 690 cedere,

251 741 318 784 non
342 719 498 785 fortunae
528 721 593 804 ipsi
619 718 847 784 succumbere.
895 719 1010 782 Huius
1042 720 1072 782 si
1104 739 1205 784 causa
1232 739 1289 782 non

252 823 533 890 manifestissimis
569 822 668 888 rebus
708 830 890 899 teneretur,
929 831 1042 888 tamen
1080 844 1159 888 eum
1196 844 1289 887 mores

252 929 357 1014 ipsius
381 949 420 992 ac
446 929 518 992 vita
543 929 768 992 convinceret.

200 1036 242 1100 72
295 1049 400 1096 xxvl.
431 1031 600 1117 Agedum,
628 1030 778 1112 conferte
810 1053 900 1096 nunc
932 1053 1010 1096 cum
1042 1032 1136 1096 illius
1165 1033 1236 1097 vita
1260 1031 1291 1094 P.

254 1128 369 1202 Sullae
383 1135 479 1201 vobis
494 1137 687 1221 populoque
705 1137 856 1201 Romano
876 1137 1095 1212 notissimam,
1112 1136 1252 1210 iudices,
1265 1143 1294 1200 et

253 1262 327 1306 eam
342 1249 420 1307 ante
436 1242 551 1306 oeulos
572 1247 703 1305 vestros
726 1241 913 1332 proponite.
960 1238 1105 1324 Ecquod
1128 1248 1181 1304 est
1203 1239 1294 1302 huius

253 1344 382 1409 factum
400 1352 460 1409 aut
479 1345 693 1410 commissum
716 1366 782 1408 non
807 1344 917 1410 dicam
939 1343 1112 1421 audaciae,
1128 1343 1190 1408 sed
1213 1343 1295 1428 quod

214 1465 230 1510 s
251 1451 411 1534 cuiquam
420 1451 522 1534 paulo
534 1450 646 1514 minus
658 1448 908 1514 consideratum
921 1448 1118 1514 videretur?
1161 1449 1295 1512 Factum

256 1576 401 1639 quaer03
425 1553 566 1619 verbum
582 1552 713 1637 ecquod
729 1573 891 1637 umquam
906 1575 949 1618 ex
966 1575 1021 1618 ore
1038 1552 1140 1617 buius
1166 1551 1295 1626 excidit,

253 1657 289 1721 in
305 1679 372 1743 quc
388 1658 567 1742 quisquam
583 1664 696 1742 posset
711 1655 863 1723 offendi?
908 1657 959 1721 At
974 1678 1054 1722 vero
1070 1658 1106 1720 in
1125 1657 1187 1720 illa
1209 1657 1296 1743 gravi

254 1760 292 1824 L.
309 1760 423 1826 Sullae
446 1761 710 1846 turbulentaque
734 1762 874 1827 victoria
896 1762 973 1846 quis
1001 1759 1040 1823 P.
1057 1759 1153 1825 Sulla
1181 1761 1296 1835 mitior,

254 1866 330 1951 quis
346 1865 590 1931 misericordior
604 1867 764 1930 inventus
786 1865 862 1930 est?
907 1865 1019 1943 Quam
1041 1865 1230 1929 multorum
1249 1864 1297 1928 hic

201 1985 232 2032 ιο
252 1970 357 2035 vitam
382 1978 436 2035 est
460 1991 480 2034 a
508 1969 546 2032 L.
578 1969 673 2033 Sulla
704 1968 922 2054 deprecatus!
962 1991 1064 2053 quarn
1094 1970 1198 2034 multi
1224 1975 1299 2034 sunt

252 2075 376 2140 summi
405 2073 555 2138 homines
582 2081 618 2138 et
643 2073 848 2137 ornatissimi
874 2080 909 2137 et
935 2073 1042 2137 nostri
1072 2080 1107 2138 et
1136 2073 1297 2157 equestris

253 2177 389 2256 ordinis,
421 2191 565 2263 quorum
595 2199 655 2262 pro
685 2178 795 2242 salute
826 2199 862 2241 se
892 2177 946 2241 hic
977 2175 1091 2240 Sullae
1119 2175 1297 2263 obligavit!

254 2281 349 2361 Quos
365 2304 427 2368 ego
443 2283 650 2346 nominarem
668 2283 796 2366 (neque
820 2282 910 2345 enirn
933 2281 997 2365 ipsi
1021 2281 1144 2344 uolunt
1166 2288 1203 2345 et
1225 2281 1297 2344 huic

253 2387 364 2450 animo
379 2387 570 2472 gratissimo
592 2384 758 2468 adsunt);
788 2383 858 2460 sed,
876 2386 956 2468 quia
978 2385 1086 2448 maius
1109 2391 1161 2448 est
1184 2383 1299 2449 benefi-

201 2505 231 2552 15
252 2491 351 2566 cium,
371 2511 473 2573 quam
499 2510 595 2574 posse
622 2487 724 2554 debet
750 2490 834 2555 civis
861 2489 928 2554 civi
955 2487 1043 2564 dare,
1061 2487 1136 2552 ideo
1162 2509 1183 2552 a
1208 2487 1298 2554 vobis

253 2601 341 2678 peto,
354 2601 403 2669 ut,
417 2593 509 2678 quod
523 2594 645 2677 potuit,
658 2595 801 2677 tempori
817 2592 984 2668 tribuatis,
1003 2591 1095 2676 quod
1116 2591 1210 2669 fecit,
1227 2592 1297 2676 ipsi.

202 2701 242 2763 ⁷3
253 2697 346 2777 Quid
368 2698 531 2782 reliquam
554 2699 778 2762 constantiam
800 2699 891 2762 vitae
914 2698 1178 2774 commemorem,
1196 2696 1299 2783 digni·

253 2809 367 2878 tatem,
390 2800 635 2878 liberalitatem,
661 2801 926 2888 moderationem
956 2802 991 2864 in
1022 2802 1165 2885 privatis
1193 2802 1298 2876 rebus,

253 2904 464 2992 splendorem
493 2906 530 2968 in
559 2904 730 2990 publicis?
764 2927 849 2990 quae
881 2906 930 2968 ita
960 2903 1145 2968 deformata
1175 2914 1298 2970 sunta

200 3026 231 3072 ao
251 3011 398 3088 fortuna,
413 3016 454 3074 ut
469 3018 582 3075 tamen
597 3031 617 3072 a
632 3017 752 3073 natura
767 3009 922 3073 inchoata
945 3016 1159 3093 conpareaut.
1206 3009 1298 3089 Quae

253 3114 372 3179 domus
396 3114 576 3179 celebratio
598 3113 778 3190 cotidiana,
795 3134 880 3197 quae
905 3111 1122 3176 familiarium
1145 3107 1298 3201 dignitas

254 3242 339 3305 quac
362 3219 474 3284 studia
497 3220 688 3291 amicorum,
715 3240 800 3302 quae
826 3240 868 3282 ex
893 3239 1028 3302 quoque
1053 3216 1169 3284 ordine
1191 3219 1299 3282 multi-

254 3321 356 3389 tudo!
403 3323 495 3388 Haec
511 3323 571 3387 diu
586 3324 801 3406 multumque
824 3329 860 3386 et
881 3321 989 3385 multo
1012 3321 1125 3386 labore
1149 3325 1297 3407 quaesita

253 3451 322 3493 una
351 3429 476 3513 eripuit
506 3428 595 3492 hora.
641 3427 786 3512 Accepit
810 3426 848 3490 P.
877 3426 980 3503 Sulla,
1008 3426 1148 3504 iudices,
1177 3429 1296 3493 vulnus

200 3550 232 3596 at
252 3534 433 3599 vehemens
449 3540 485 3597 et
499 3531 719 3610 mortiferum,
736 3539 982 3597 verumtamen
999 3531 1070 3596 eius
1092 3531 1194 3608 modi,
1212 3531 1297 3617 quod

255 3636 426 3703 videretur
437 3636 537 3700 huius
550 3638 621 3701 vita
632 3644 667 3700 et
678 3645 798 3700 natura
810 3636 960 3720 accipere
972 3637 1133 3720 potuisse.
1174 3635 1296 3702 Hones-

146 3725 150 3734 ¹
254 3741 334 3804 tatis
350 3740 439 3803 enim
451 3746 486 3802 et
497 3735 672 3826 dignitatis
684 3739 840 3804 habuisse
852 3740 952 3804 nimis
965 3761 1120 3825 magnam
1132 3740 1294 3805 iudicatus

254 3850 307 3910 est
318 3842 555 3928 cupiditatem
578 3844 719 3926 quamsi
732 3863 828 3906 nemo
841 3844 926 3908 alius
941 3841 1059 3908 habuit
1071 3845 1107 3907 in
1123 3846 1295 3911 consulatu
1366 3901 1367 3906 ,
