2800 4367
184 347 246 412 256
436 358 516 409 reo.
540 359 572 408 r.
596 358 716 408 numo
739 357 884 407 nrnoun
906 355 1055 408 orario.

181 536 478 618 29puer0rumque
502 529 675 593 comitatu.
723 529 780 592 Fit
800 528 932 594 obviam
957 528 1078 593 Clodio
1104 535 1182 594 ante
1205 527 1286 592 fun·

233 637 314 700 dum
339 636 412 699 eius
438 633 518 697 hora
546 632 614 697 fere
646 632 822 698 undecima
850 641 910 698 aut
940 655 1007 698 non
1038 634 1147 698 multo
1171 655 1284 699 secus.
1369 627 1371 630 ’

234 741 355 806 Statim
382 738 560 823 conplures
590 759 666 801 cum
694 737 771 802 telis
801 738 836 800 in
862 737 953 803 hunc
982 737 1115 803 faciunt
1137 738 1178 803 de
1206 737 1286 802 loco

180 863 209 907 aa
231 846 401 930 superiore
418 844 582 928 impetum
598 841 740 918 adversi,
760 841 947 906 raedarium
976 842 1144 907 occidunt.
1192 841 1285 906 Cum

232 958 345 1014 autern
371 949 425 1012 hic
455 947 496 1012 de
524 945 624 1011 raeda
646 946 769 1010 reie‘eta
793 947 937 1030 paenula
959 946 1153 1012 desiluisset
1174 968 1284 1032 seque

232 1056 300 1119 acri
316 1054 426 1118 animo
450 1049 657 1126 defenderet,
675 1049 735 1126 illi,
754 1051 812 1135 qui
837 1058 934 1115 erant
955 1065 1033 1115 cum
1057 1050 1187 1127 Clodio,
1211 1051 1287 1136 gla-

233 1159 298 1223 diis
328 1157 458 1223 eductis
485 1156 607 1241 partim
635 1175 804 1218 recurrere
832 1154 876 1218 ad
900 1154 1044 1232 raedam,
1071 1161 1111 1218 ut
1137 1176 1156 1218 a
1183 1161 1286 1239 tergo

234 1263 396 1326 Milonem
419 1259 639 1335 adorirentur,
657 1259 789 1343 partim,
807 1258 899 1343 quod
922 1259 1011 1324 bunc
1035 1259 1102 1323 iam
1124 1258 1288 1324 interfec-

174 1382 210 1427 ao
231 1375 305 1431 tum
327 1371 495 1450 putarent,
520 1362 656 1428 caedere
680 1363 849 1446 incipiunt
872 1364 944 1427 eius
972 1385 1095 1440 servos,
1121 1365 1179 1448 qui
1203 1372 1287 1448 post

233 1477 349 1545 eraut3
372 1492 415 1534 ex
446 1468 569 1553 quibus
600 1468 660 1553 qui
692 1467 803 1530 animo
835 1465 927 1531 fideli
963 1468 997 1530 in
1035 1467 1207 1531 dominum
1248 1475 1287 1532 et

235 1575 403 1660 praesenti
433 1573 581 1649 fuerunt,
613 1572 736 1656 partim
775 1571 874 1636 occisi
913 1579 1004 1648 sunt,
1036 1572 1169 1656 partim,
1201 1593 1286 1636 curn

233 1679 277 1743 ad
306 1677 438 1743 raedam
468 1677 611 1763 pugnari
634 1676 797 1751 viderent,
830 1674 966 1738 domino
992 1697 1184 1740 succurrere
1207 1698 1287 1760 pro·
1360 1746 1371 1768 ι

234 1783 437 1857 biberentur,
462 1781 624 1845 Milonem
646 1780 793 1844 occisum
818 1786 853 1844 et
880 1801 922 1844 ex
950 1780 1022 1864 ipso
1046 1778 1166 1866 Clodio
1189 1779 1288 1842 audi-

180 1903 210 1948 as
232 1895 307 1952 rent
336 1894 371 1951 et
400 1908 435 1950 re
466 1907 544 1950 vera
573 1892 741 1970 putarent,
766 1883 922 1949 fecerunt
953 1883 988 1947 id
1019 1885 1108 1950 servi
1141 1883 1285 1948 Milonis

236 1991 362 2076 (dicam
378 1992 468 2055 enim
483 1998 595 2075 aperte
622 2011 690 2053 non
715 1989 888 2054 derivandi
912 1989 1061 2054 criminis
1086 2009 1204 2064 eausa,
1219 1989 1285 2053 sed

234 2104 273 2160 ut
295 2096 424 2160 factum
450 2097 520 2178 est)
550 2116 610 2158 nec
634 2095 819 2178 imperante
851 2116 912 2159 nec
944 2095 1071 2159 sciente
1103 2115 1164 2158 neo
1189 2115 1285 2178 prae-

236 2208 330 2266 sente
361 2200 507 2275 domino,
533 2197 624 2290 quod
651 2220 730 2263 suos
762 2200 907 2284 quisque
940 2221 1054 2264 servos
1086 2199 1119 2263 in
1153 2198 1213 2262 tali
1246 2221 1284 2264 re

237 2305 345 2370 facere
362 2304 534 2370 voluisset.

180 2413 222 2475 30
276 2427 327 2472 xr.
358 2409 462 2484 Haec,
489 2408 589 2472 sicuti
620 2407 771 2492 exposui,
804 2408 852 2472 ita
882 2415 977 2494 gesta
1007 2415 1099 2483 sunt,
1131 2406 1283 2484 iudices;

233 2513 409 2578 insidiator
424 2518 600 2596 superatus
616 2518 676 2588 est,
693 2512 729 2576 vi
746 2512 835 2577 victa
853 2514 904 2578 vis
922 2512 977 2577 vel
992 2512 1105 2596 potius
1121 2533 1284 2596 oppressa

234 2618 360 2683 virtute
376 2615 516 2679 audacia
537 2622 598 2679 est.
644 2615 739 2678 Nihil
762 2615 846 2694 dioc,
864 2616 949 2701 quid
972 2637 1023 2680 res
1046 2615 1182 2700 publica
1206 2637 1286 2679 con-

233 2729 350 2787 secuta
379 2721 433 2797 sit,
462 2720 556 2797 nihil,
582 2720 664 2804 quid
695 2742 765 2797 vos,
795 2721 889 2798 nihil,
919 2721 1003 2806 quid
1034 2742 1147 2785 omnes
1179 2720 1282 2796 boni3

233 2825 316 2890 nihil
346 2846 425 2890 sane
456 2823 490 2887 id
521 2825 627 2908 prosit
658 2824 790 2901 Miloni,
816 2825 874 2910 qui
902 2825 964 2890 hoc
992 2824 1063 2889 fato
1091 2831 1191 2888 natus
1217 2831 1281 2900 est,

234 2937 337 2995 utne
361 2928 558 3013 sequidem
585 2950 717 2993 servare
750 2929 908 3013 potuerit,
926 2930 1009 3014 quin
1035 2950 1102 2992 una
1129 2951 1199 2993 rem
1223 2951 1284 3013 pu·

234 3024 353 3099 blicam
377 3054 505 3117 vosque
528 3040 687 3097 servaret.
734 3032 770 3096 Si
798 3032 832 3096 id
858 3033 931 3098 iure
959 3033 1029 3098 fieri
1060 3054 1127 3096 non
1157 3034 1281 3118 potuit,

234 3138 318 3201 nihil
344 3136 459 3213 habeo,
477 3136 569 3221 quod
592 3136 780 3202 defendam.
827 3136 886 3201 Sin
912 3138 974 3202 boc
1000 3145 1034 3202 et
1060 3138 1144 3202 ratio
1172 3137 1282 3202 doctis

234 3249 268 3308 et
291 3241 471 3306 necessitas
498 3240 645 3305 barbaris
673 3249 708 3306 et
735 3263 805 3306 mos
833 3240 991 3328 gentibus
1018 3248 1054 3306 et
1076 3241 1155 3305 feris
1178 3242 1282 3306 etiam

182 3363 211 3408 10
232 3346 339 3411 beluis
356 3353 477 3410 natura
499 3346 572 3430 ipsa
594 3347 817 3430 praescripsit,
835 3354 875 3411 ut
898 3368 1029 3411 omnem
1052 3367 1183 3430 semper
1199 3345 1280 3422 vim,

234 3471 446 3537 quacumque
478 3471 540 3534 ope
570 3458 718 3536 possent,
747 3472 766 3514 a
793 3471 939 3535 corpore,
968 3473 986 3514 a
1013 3451 1131 3539 capite,
1160 3472 1178 3513 a
1209 3450 1282 3515 vita

235 3577 297 3621 sua
319 3555 563 3640 propulsarent,
581 3576 647 3619 non
674 3556 815 3640 potestis
842 3555 905 3620 hoc
933 3554 1064 3619 facinus
1091 3554 1281 3639 improbum

233 3659 393 3736 iudicare,
410 3660 493 3743 quin
509 3660 610 3723 simul
629 3659 786 3724 iudicetis
810 3659 975 3736 omnibus,
993 3661 1052 3744 qui
1075 3660 1109 3721 in
1132 3659 1281 3723 latrones

180 3777 210 3822 14
231 3763 423 3839 inciderint,
440 3770 500 3827 aut
520 3763 655 3827 illorum
679 3764 755 3828 telis
779 3771 839 3828 aut
861 3765 983 3829 vestris
1007 3763 1184 3828 sententiis
1208 3783 1280 3827 esse

181 3873 218 3938 ³1
233 3866 455 3957 pereundum.
513 3866 614 3949 Quod
644 3868 673 3931 si
704 3867 751 3930 ita
781 3873 944 3956 putasset,
977 3875 1066 3934 certe
1097 3866 1279 3953 optabilius
