2800 4367
198 297 260 360 100
544 309 616 358 ruo
638 309 669 358 r.
694 309 815 360 sunna
840 308 988 358 onarro.

248 483 357 546 ornari
374 503 519 558 causam,
535 481 673 546 defendi
693 481 794 546 huius
818 481 1044 546 innocentiam
1070 480 1173 546 vides.
1218 481 1286 546 Non

249 587 335 651 enim
360 607 429 650 una
451 586 536 649 ratio
558 592 611 650 est
632 584 838 650 defensionis
863 606 1018 669 eaquae
1047 586 1156 671 posita
1183 593 1234 650 est
1257 588 1287 650 in

198 707 224 750 n
247 692 415 764 oratione;
446 711 571 766 omnes,
589 691 648 773 qui
665 687 801 764 adsunt,
819 689 879 772 qui
902 688 1063 764 laborant,
1081 690 1143 773 qui
1165 690 1288 754 salvum

207 795 226 860 5
251 795 379 871 volunt,
396 816 456 879 pro
470 815 533 859 sua
548 803 640 878 parte
656 801 760 878 atque
776 793 974 858 auctoritate
995 792 1195 857 defendunt.
1239 795 1288 857 An

251 921 338 975 vero,
356 900 389 962 in
405 897 528 983 quibus
542 896 710 962 subselliis
728 898 808 962 haec
826 905 1021 962 ornamenta
1036 918 1074 962 ac
1097 897 1226 961 lumina
1248 900 1288 962 rei

249 1003 401 1088 publicae
417 1001 575 1077 viderem,
592 1002 628 1064 in
651 1001 704 1066 his
723 1023 774 1066 me
799 1023 958 1086 apparere
983 1000 1118 1080 nollem,
1135 1023 1214 1066 cum
1235 1024 1290 1088 ego

249 1108 346 1171 illum
376 1107 411 1170 in
438 1106 549 1170 locum
580 1112 683 1190 atque
715 1106 749 1168 in
782 1105 868 1169 hanc
895 1105 1158 1170 excelsissimam
1185 1105 1291 1170 sedem
1375 1120 1376 1136 ¹

196 1227 224 1271 20
247 1211 420 1296 dignitatis
444 1219 546 1295 atque
570 1209 705 1273 honoris
723 1209 838 1274 multis
855 1210 938 1274 meis
964 1230 1001 1273 ac
1025 1209 1159 1296 magnis
1181 1209 1292 1274 labori·
1374 1282 1375 1296 χ

248 1314 310 1379 bus
340 1323 375 1379 et
404 1315 562 1400 periculis
592 1312 842 1379 ascendissem?
889 1313 1004 1398 Atque
1036 1321 1075 1377 ut
1107 1315 1291 1400 intellegas,

249 1420 430 1503 Torquate,
454 1440 554 1504 quem
581 1439 728 1494 accuses,
750 1419 777 1482 si
802 1427 835 1483 te
860 1417 947 1484 forte
973 1417 1008 1482 id
1034 1416 1188 1494 offendit,
1207 1418 1292 1503 quod

249 1546 320 1610 ego,
332 1525 391 1608 qui
403 1524 438 1587 in
450 1523 512 1588 hoc
528 1545 651 1609 genere
667 1522 875 1607 quaestionis
891 1521 1099 1586 defenderim
1117 1524 1291 1599 neminem,

249 1650 315 1692 non
331 1627 438 1692 desim
462 1627 498 1691 P.
518 1626 643 1703 Sullae,
661 1625 832 1692 recordare
856 1625 898 1690 de
922 1626 1051 1702 ceteris
1068 1648 1156 1710 quos
1182 1625 1291 1692 adesse

195 1746 224 1789 aa
247 1731 323 1795 huic
350 1730 463 1806 vides3
495 1718 671 1817 intelleges
692 1739 728 1796 et
750 1729 791 1794 de
819 1729 880 1794 hoc
908 1728 1007 1794 etde
1031 1730 1106 1794 aliis
1133 1729 1290 1794 iudicium

207 1838 226 1900 6
248 1857 357 1900 meum
374 1836 542 1900 ethorum
558 1843 735 1920 paratque
752 1856 858 1898 unum
875 1833 989 1899 fuisse.
1037 1832 1123 1912 Quis
1143 1841 1291 1898 nostrum

248 1939 358 2005 adfuit
374 1940 610 2027 Vargunteio?
655 1940 772 2016 Nemo,
790 1961 831 2004 ne
848 1939 901 2004 hic
923 1939 1059 2025 quidem
1085 1938 1127 2018 Q.
1153 1939 1292 2004 Horten-

247 2046 327 2119 siuS,
343 2046 538 2128 praesertim
553 2046 613 2129 qui
629 2045 727 2108 illum
743 2044 836 2109 solus
852 2051 950 2108 antea
966 2043 1006 2108 de
1029 2043 1159 2107 ambitu
1183 2043 1293 2108 defen·

248 2147 362 2212 disset.
408 2148 485 2212 Non
496 2149 585 2213 enim
595 2150 659 2212 iam
670 2170 705 2212 se
718 2147 787 2212 ullo
799 2147 907 2212 officio
918 2169 995 2212 oum
1007 2148 1064 2212 illo
1075 2149 1290 2213 coniunctum

194 2267 224 2312 ao
245 2251 477 2328 arbitrabatur,
495 2273 571 2316 cum
595 2253 651 2316 ille
675 2259 772 2317 tanto
796 2252 920 2316 scelere
944 2253 1120 2317 commisso
1144 2255 1290 2316 omnium

248 2355 430 2419 officiorum
447 2356 642 2421 societatem
663 2355 862 2420 diremisset.
910 2356 996 2436 Quis
1021 2364 1176 2420 nostrum
1200 2356 1289 2422 Serv.

248 2458 386 2535 Sullam,
404 2459 479 2542 quis
503 2457 674 2534 Publium,
697 2461 774 2543 quis
803 2459 849 2523 M.
875 2459 1025 2536 Laecam,
1044 2461 1120 2545 quis
1149 2460 1187 2524 O.
1217 2460 1291 2525 Cor·

248 2563 373 2627 nelium
396 2550 647 2627 defendendum
675 2564 818 2648 putavit,
840 2565 916 2649 quis
943 2565 984 2628 iis
1012 2563 1130 2628 horum
1157 2564 1291 2634 adfuit?

247 2667 363 2730 Nemo.
413 2664 505 2745 Quid
537 2666 610 2730 ita?
656 2666 746 2746 Quia
769 2669 804 2731 in
828 2669 947 2733 ceteris
972 2669 1081 2733 causis
1105 2669 1207 2732 etiam
1240 2691 1291 2732 no

194 2787 223 2831 35
246 2780 358 2836 centes
374 2771 439 2836 viri
454 2769 543 2847 boni,
560 2772 589 2835 si
606 2773 781 2836 necessarii
798 2780 888 2848 sunt,
905 2771 1105 2837 deserendos
1131 2795 1203 2838 esse
1227 2794 1290 2838 non

247 2883 387 2960 putant3
413 2876 445 2938 in
463 2875 525 2940 hoc
549 2877 686 2942 crimine
704 2899 770 2941 non
795 2877 905 2941 solum
932 2877 1082 2942 levitatis
1106 2885 1159 2942 est
1183 2879 1289 2962 culpa,

248 3002 364 3045 verum
395 2981 494 3045 etiam
534 2980 697 3065 quaedam
736 2982 891 3068 contagio
929 2981 1074 3056 sceleris
1114 2981 1142 3044 si
1182 2980 1291 3046 deien-

249 3085 307 3148 das
329 3106 415 3160 eum,
434 3106 535 3169 quem
557 3084 754 3149 obstrictum
779 3107 851 3150 esse
875 3086 1001 3170 patriae
1025 3085 1202 3171 parricidio
1226 3107 1290 3149 sus-

209 3193 227 3255 7
250 3190 366 3273 picere.
415 3188 533 3268 Quid?
579 3191 747 3253 Autronio
763 3210 873 3253 nonne
893 3188 1034 3264 sodaleS,
1052 3210 1117 3253 non
1144 3189 1288 3274 collegae

194 3308 224 3353 40
246 3294 308 3368 sui,
338 3314 404 3356 non
437 3301 565 3358 veteres
596 3293 704 3367 amici,
734 3314 877 3377 quorum
909 3294 965 3357 ille
997 3293 1091 3377 copia
1122 3291 1289 3377 quondam

247 3394 442 3472 abundarat,
459 3417 526 3460 non
543 3396 576 3458 hi
594 3416 718 3472 omnes
737 3397 893 3480 quisunt
913 3397 999 3461 inre
1017 3395 1152 3481 publica
1176 3397 1288 3481 princi-

247 3522 315 3586 peS,
354 3498 565 3564 defuerunt?
626 3500 732 3564 Immo
770 3501 871 3565 etiam
909 3500 1101 3565 testimonio
1140 3500 1285 3584 plerique

247 3605 427 3669 laeserunt.
473 3602 670 3668 Statuerant
700 3613 833 3670 tantum
865 3604 951 3668 illud
981 3625 1052 3669 esse
1081 3603 1283 3677 maleficium,

248 3708 340 3794 quod
356 3730 423 3772 non
440 3707 538 3772 modo
555 3730 621 3772 non
638 3711 798 3774 occultari
821 3732 880 3794 per
903 3732 948 3785 se,
965 3708 1025 3774 sed
1049 3708 1148 3773 etiam
1172 3706 1283 3792 aperiri

193 3828 224 3874 st
245 3812 476 3897 illustrarique
507 3812 652 3879 deberet.
710 3831 760 3876 111.
793 3813 903 3892 Quam
935 3812 977 3876 ob
1008 3833 1077 3876 rem
1108 3810 1193 3894 quid
1229 3817 1282 3886 est,
