2800 4367
295 353 351 406 nr.
375 353 437 417 1v.,
461 355 476 418 ς
497 354 526 418 e;
553 353 589 406 v.
613 355 626 417 ς
649 353 709 418 1a;
736 351 797 414 vr..
818 349 833 416 ς
856 349 943 404 roro.
1131 335 1197 402 149

96 528 370 613 consanguineus
411 548 480 590 non
521 525 706 591 mediocres
745 531 886 590 terrores
923 523 1004 588 iacit
1039 530 1143 608 atque

97 629 277 696 denuntiat
291 639 328 696 et
342 630 603 716 Sampsiceramo
620 637 731 718 negat,
749 630 868 695 ceteris
885 650 962 714 prae
978 649 1013 693 se
1031 627 1099 693 lert
1112 635 1149 694 et
1169 643 1198 689 ao

98 742 267 810 ostentat3
300 735 525 820 quamobrem,
550 737 657 800 sime
687 756 779 799 amos
810 740 953 812 tantum,
980 740 1146 818 quantum

99 839 250 922 proiecto
265 861 366 917 amas,
382 840 411 904 si
426 838 560 917 dormis,
571 840 813 926 expergiscere,
825 839 854 903 si
869 846 949 914 stas,
960 837 1144 925 ingredere,

99 945 131 1006 si
148 943 338 1030 ingrederis,
354 966 461 1019 curre,
477 929 506 1008 si
521 945 638 1020 curris,
654 942 794 1008 advola:
819 941 977 1008 credibile
994 963 1061 1006 non
1084 950 1146 1020 est,

101 1057 265 1132 quantum
288 1070 352 1135 ego
375 1050 410 1112 in
440 1049 589 1113 consiliis
620 1056 656 1114 et
682 1046 863 1133 prudentia
892 1056 961 1124 tua,
985 1046 1145 1132 quodque

103 1153 283 1216 maximum
300 1159 362 1226 est,
378 1160 545 1238 quantum
562 1154 596 1216 in
614 1173 725 1217 amore
741 1159 777 1217 et
793 1150 856 1216 fide
880 1173 1011 1236 ponem.
1059 1151 1151 1238 Mag·
1172 1167 1202 1212 ao

104 1255 220 1320 nitudo
235 1258 283 1321 rei
294 1257 431 1344 longam
446 1257 629 1322 orationem
644 1256 785 1322 fortasse
802 1255 980 1334 desiderat,
994 1257 1149 1320 coniunc-

105 1362 154 1425 tio
175 1383 251 1425 vero
279 1372 468 1426 nostrorum
492 1362 680 1426 animorum
704 1361 869 1426 brevitate
893 1369 1052 1426 contenta
1075 1369 1147 1426 est:

106 1468 273 1552 permagni
297 1475 411 1532 nostra
434 1469 575 1531 interest
596 1473 641 1543 te,
664 1467 693 1531 si
716 1466 860 1530 comitiis
891 1487 958 1530 non
988 1466 1146 1551 potueris,

107 1577 144 1634 at
156 1569 319 1635 declarato
334 1571 395 1635 illo
409 1591 482 1636 esse
498 1571 633 1636 Romae.
680 1569 780 1648 Cura,
798 1577 837 1634 ut
852 1570 974 1636 valeas.

486 1861 753 1872 .—

597 2095 660 2162 VI.

373 2271 432 2331 (An
445 2270 478 2329 Q.
495 2271 635 2318 Fremit
651 2273 692 2317 1.2
704 2269 726 2330 [§
740 2273 767 2318 1⁶
779 2268 891 2330 round.)

344 2434 494 2483 MARCUS
516 2434 655 2492 QUINTO
678 2433 817 2481 FRATRI
840 2433 919 2482 SAL.

151 2609 247 2677 Nunc
262 2633 303 2677 ea
317 2631 595 2698 cognosce,>quae
612 2610 755 2674 maxime
771 2616 930 2694 exoptas:
960 2631 1029 2676 rem
1045 2606 1152 2694 publi·
1165 2611 1202 2676 15

114 2735 179 2778 cam
201 2715 356 2782 funditus
380 2716 561 2790 amisimus,
586 2713 669 2778 adeo
700 2721 740 2778 ut
770 2713 808 2778 0.
838 2713 933 2791 Cato,
958 2714 1151 2780 adolescens

114 2817 232 2884 nullius
247 2820 391 2896 consilii,
408 2818 468 2883 sed
484 2827 596 2883 tamen
619 2818 703 2883 civis
728 2819 898 2882 Romanus
923 2825 961 2886 et¹
980 2817 1075 2894 Cato,
1093 2819 1150 2883 vix

115 2923 205 2988 vivus
219 2923 389 3011 effugerit,
407 2923 509 3008 quod,
526 2944 603 2988 cum
626 2922 809 2986 Gabinium
832 2922 874 2987 de
896 2922 1025 2987 ambitu
1048 2922 1153 2986 vellet

116 3028 274 3108 postulare
290 3049 401 3112 neque
421 3035 589 3112 praetores
612 3025 731 3090 diebus
755 3027 887 3111 aliquot
908 3026 993 3090 adiri
1017 3032 1154 3110 possent
1189 3041 1205 3086 5

116 3130 164 3193 vel
183 3139 383 3215 potestatem
406 3132 458 3196 sui
484 3130 642 3207 facerent,
665 3131 699 3193 in
724 3132 915 3195 contionem
945 3130 1096 3195 escendit
1118 3137 1153 3196 et

117 3231 304 3320 Pompeium
341 3236 510 3321 privatum
547 3236 745 3300 dictatorem
775 3235 976 3321 appellavit:
1016 3237 1152 3321 propius

115 3337 189 3402 nihil
204 3341 409 3417 estfactum,
426 3362 529 3425 quam
545 3349 585 3404 ut
600 3339 817 3404 occideretur.
864 3339 918 3403 Ex
934 3340 1007 3417 hoc,
1024 3341 1084 3425 qui
1107 3342 1153 3404 sit

115 3449 212 3508 status
228 3446 335 3510 totius
347 3445 395 3510 rei
411 3444 573 3529 publicae,
592 3444 706 3508 videre
723 3453 827 3529 potes.
875 3443 1016 3509 Nostrae
1040 3453 1152 3509 tamen
1167 3447 1205 3509 16

116 3566 222 3614 causae
240 3571 317 3614 ‘non
341 3549 501 3614 videntur
523 3550 675 3613 homines
698 3549 870 3614 defuturi:
903 3550 1092 3614 mirandum
1119 3552 1154 3613 in
1178 3564 1205 3608 10

116 3640 241 3718 modurn
262 3654 473 3739 profitentur,
487 3653 636 3718 offerunt
657 3675 704 3729 se,
722 3655 935 3739 pollicentur.
984 3655 1151 3740 Equidem

116 3775 183 3820 curn
204 3780 263 3843 spe
285 3780 360 3823 sum
385 3760 539 3833 maxima,
564 3766 637 3823 tum
660 3760 783 3822 maiore
808 3759 909 3822 etiam
937 3761 1058 3836 anime,
1082 3781 1151 3844 spe,

116 3863 291 3945 superiores
321 3862 392 3927 fore
416 3885 487 3938 nos,
511 3864 632 3950 animo,
657 3865 755 3926 utin
786 3862 847 3926 hac
878 3883 913 3926 re
945 3863 1080 3948 publica
1110 3885 1152 3928 ne
