2800 4367
454 369 536 421 car.
561 369 650 433 aaa,
676 371 690 432 a
712 371 800 420 ar-aa.
1123 351 1188 418 123

81 544 205 629 Itaque
230 544 292 608 hac
307 543 481 630 rogatione
506 564 574 605 non
598 541 750 606 iudicum
776 541 954 618 sententia,
970 540 1030 605 sed
1052 541 1137 626 legis
1159 551 1190 597 ²⁰

81 649 206 712 vitium
224 647 464 734 corrigebatur.
509 645 618 710 Nemo
638 645 800 711 iudicium
820 644 1044 730 reprehendit,
1061 667 1138 709 cum

81 753 120 817 de
152 773 267 838 poena
297 753 461 837 queritur,
491 751 551 816 sed
588 752 708 837 legem.
755 750 935 814 Damnatio
966 757 1018 815 est
1047 751 1138 814 enim

81 842 247 933 iudicum,
275 877 361 940 quae
386 855 551 932 manebat,
580 877 687 941 poena
715 855 811 940 legis,
837 873 923 939 quae
951 855 1135 920 levabatur.

83 960 161 1024 Noli
201 961 312 1048 igitur
347 961 477 1024 animos
515 981 632 1024 eorum
670 958 836 1034 ordinum,
876 959 935 1044 qui
976 962 1190 1043 praesunt64

82 1062 217 1129 iudiciis
248 1087 381 1129 summa
411 1085 488 1128 cum
519 1065 685 1150 gravitate
717 1071 753 1128 et
782 1063 960 1149 dignitate,
992 1063 1189 1127 alienarent

83 1187 102 1230 a
137 1189 249 1234 causa.
313 1168 420 1232 Nemo
457 1167 658 1232 labefactare
697 1166 860 1231 iudicium
898 1175 951 1231 est
987 1174 1136 1244 conatus

84 1271 167 1334 nihil
199 1280 256 1337 est
286 1273 359 1337 eius
389 1271 480 1336 modi
512 1273 773 1357 promulgatum,
801 1292 932 1355 semper
964 1269 1133 1335 Caecilius

85 1375 119 1437 in
156 1376 353 1441 calamitate
395 1375 510 1440 fratris
547 1377 599 1439 sui
635 1375 788 1439 iudicum
823 1381 1026 1459 potestatem
1066 1396 1138 1459 per-

86 1478 303 1562 petuandam,
342 1480 427 1566 legis
468 1479 683 1544 acerbitatem
729 1478 951 1564 mitigandam
992 1479 1137 1562 putavit.

87 1599 194 1646 xxm.
228 1583 296 1648 Sed
312 1584 396 1669 quid
411 1607 474 1670 ego
491 1585 531 1648 de
548 1585 610 1648 hoc
626 1585 724 1668 plura
740 1583 935 1670 disputem?
980 1584 1137 1648 Dicerem

88 1686 241 1764 fortasse,
266 1696 301 1752 et
323 1687 421 1752 facile
449 1697 485 1753 et
508 1688 652 1752 libenter
676 1687 831 1765 dicerem,
856 1689 886 1774 si
913 1688 1014 1773 paulo
1029 1689 1139 1754 etiam

89 1791 232 1878 longius,
250 1814 352 1878 quam
376 1792 454 1856 finis
479 1791 639 1855 cotidiani
664 1791 765 1856 officii
792 1793 953 1876 postulat,
972 1791 1009 1854 L.
1027 1790 1140 1856 Caeci·

90 1897 170 1960 lium
197 1899 307 1982 pietas
334 1904 369 1961 et
394 1896 562 1960 fraternus
585 1917 677 1960 amor
699 1896 912 1980 propulisset,
929 1897 1140 1980 implorarem

91 2022 206 2066 sensus
238 2009 379 2079 vestros,
404 2003 505 2066 unius
536 2001 701 2084 cuiusque
733 1999 979 2086 indulgentiam
1002 2001 1037 2062 in
1060 2022 1139 2064 suos
1175 2015 1191 2059 a

93 2114 239 2185 testarer,
266 2114 415 2192 peterem
443 2107 575 2170 veniam
600 2113 709 2170 errato
735 2104 772 2167 L.
790 2105 915 2170 Caecili
943 2127 985 2170 ex
1011 2106 1139 2168 intimis

93 2213 210 2276 vestris
236 2210 500 2298 cogitationibus
524 2217 628 2295 atque
655 2231 697 2274 ex
725 2209 934 2273 humanitate
962 2210 1140 2272 communi.

96 2314 161 2379 Lex
178 2316 252 2381 dies
269 2316 338 2380 fuit
352 2317 523 2400 proposita
547 2335 680 2399 paucos,
698 2299 778 2377 ferri
802 2321 920 2397 coepta
943 2333 1138 2396 numquam,
1152 2315 1190 2378 65

95 2419 243 2504 deposita
273 2430 325 2485 cst
354 2423 390 2484 in
420 2428 550 2485 senatu.
613 2417 776 2482 Kalendis
807 2418 973 2480 Ianuariis
1004 2438 1081 2480 cum
1104 2418 1138 2479 in

97 2523 298 2610 Capitolium
336 2547 397 2589 nos
435 2531 591 2589 senatum
632 2543 921 2597 convocassemus,
960 2521 1045 2583 nihil
1089 2529 1140 2585 est
1163 2536 1192 2580 10

97 2637 204 2694 actum
219 2632 323 2716 prius,
340 2636 376 2694 et
391 2628 425 2692 id
442 2627 604 2692 mandatu
630 2625 744 2691 Sullae
770 2625 811 2704 Q.
830 2625 990 2690 Metellus
1009 2632 1141 2708 praetor

98 2753 128 2796 se
157 2735 252 2820 loqui
282 2734 381 2811 dixit,
410 2731 541 2796 Sullam
568 2732 662 2794 illam
688 2731 900 2816 rogationem·
921 2729 962 2793 de
990 2751 1024 2793 se
1052 2730 1140 2794 nolle

99 2835 181 2901 ferri.
230 2840 284 2902 Ex
301 2840 359 2902 illo
376 2845 525 2922 tempore
543 2835 580 2898 L.
598 2835 767 2899 Caecilius
791 2835 862 2919 egit
886 2832 927 2897 de
956 2855 990 2896 re
1008 2833 1141 2916 publiea

100 2942 213 3019 multa-3
237 2944 385 3029 agrariae
416 2943 493 3028 legi,
526 2962 611 3026 quae
642 2948 715 3004 tota
744 2960 763 3002 a
794 2960 845 3002 me
878 2937 1076 3020 reprehensa
1106 2945 1141 3000 et

101 3043 220 3111 abiecta
250 3054 311 3123 est,
335 3069 370 3112 se
402 3048 656 3110 intercessorem
687 3042 757 3107 lore
796 3041 967 3126 professus
999 3048 1059 3116 est,
1085 3041 1142 3102 im·
1165 3057 1192 3100 15

102 3149 203 3229 probis
252 3150 486 3238 largitionibus
538 3149 673 3224 restitit,
723 3155 861 3210 senatus
907 3145 1141 3208 auctoritatem

103 3271 276 3339 numquam
308 3255 491 3341 impedivit,
523 3255 571 3319 ita
600 3275 635 3318 se
673 3252 779 3339 gessit
817 3251 851 3312 in
887 3248 1070 3322 tribunatu,
1103 3255 1142 3311 ut

104 3375 192 3422 onere
208 3358 360 3443 deposito
375 3358 550 3422 domestici
567 3357 665 3420 officii
683 3356 768 3418 nihil
796 3361 913 3439 postea
938 3353 1003 3416 nisi
1028 3351 1068 3415 de
1093 3352 1141 3414 rei

105 3459 247 3540 publicae
263 3462 444 3527 commodis
461 3463 626 3548 cogitarit.
674 3461 791 3544 Atque
819 3460 854 3522 in
880 3459 952 3542 ipsa
969 3456 1141 3541 rogatione
1154 3459 1193 3520 66

105 3583 141 3626 ne
164 3569 304 3650 pervim
327 3566 410 3652 quid
437 3574 602 3653 ageretur,
631 3565 707 3648 quis
733 3571 806 3626 tum
834 3570 986 3626 nostrum
1013 3560 1141 3624 Sullam
1163 3574 1193 3618 20

107 3675 159 3731 aut
193 3671 378 3736 Caecilium
408 3669 607 3737 verebatur?
650 3689 761 3731 nonne
800 3667 906 3730 omnis
937 3667 993 3730 ille
1025 3673 1139 3739 terror,
1240 3713 1242 3716 .

108 3774 203 3838 omnis
225 3775 400 3840 seditionis
432 3776 531 3838 timor
562 3782 664 3856 atque
696 3772 807 3854 opinio
839 3785 880 3834 ex
906 3769 1053 3832 Autroni
1084 3768 1142 3831 im-

110 3877 259 3955 probitate
275 3879 466 3964 pendebat?
491 3879 574 3940 Eius
590 3897 700 3951 roceo,
718 3876 789 3938 eius
806 3874 914 3936 minae
937 3872 1139 3946 ferebantur,
