2800 4367
26 1614 28 1699 ,

26 1704 28 1849 1

26 2108 28 2223 r

408 959 460 1032 Μ.
496 959 647 1034 TULLI
685 959 950 1038 CICERONIS

203 1163 323 1248 PRO
363 1165 408 1247 Τ.
445 1166 639 1251 ANNIO
680 1167 908 1252 MILONE
949 1168 1167 1253 ORATIO

550 1383 612 1442 AD
641 1384 831 1447 IUDIOES.

193 1784 213 1832 1
243 1766 320 1833 Etsi
347 1790 473 1845 vereor,
497 1767 636 1846 iudices,
662 1791 705 1836 ne
731 1777 829 1855 turpe
860 1772 905 1836 sit
931 1792 991 1857 pro
1022 1769 1205 1838 fortissimo
1237 1778 1253 1839 1

141 1874 227 1938 viro
244 1872 355 1938 dicere
371 1874 593 1958 incipientem
611 1876 729 1940 timere
754 1876 958 1960 minimeque
983 1874 1109 1953 deceat,
1126 1898 1202 1941 cum

142 1978 189 2040 T.
213 1976 349 2042 Annius
375 1978 447 2062 ipse
472 1979 579 2065 magis
604 1977 645 2043 111
670 1980 718 2043 111
745 1978 897 2064 publicae
920 1980 1028 2044 salute
1045 1981 1203 2066 quamde

140 2103 216 2146 sua
231 2080 459 2164 perturbetur,
476 2102 529 2147 me
545 2081 588 2145 ad
604 2083 675 2147 eius
692 2103 826 2147 causam
849 2104 963 2168 parem
987 2085 1091 2149 animi
1113 2107 1201 2172 mag-

141 2185 345 2250 nitudinem
371 2184 490 2251 afferre
516 2208 584 2250 non
613 2208 721 2271 posse,
741 2193 856 2251 tamen
880 2186 960 2252 haec
987 2190 1068 2253 novi
1089 2188 1204 2252 iudicii
1241 2206 1255 2250 1

141 2311 242 2355 nova
270 2289 377 2355 forma
401 2298 506 2356 terret
531 2292 657 2367 oculos,
674 2291 735 2376 qui
758 2312 971 2377 quocumque
998 2292 1199 2370 inciderunt,

26 2464 27 2477 ,
139 2395 433 2460 consuetudinem
466 2394 531 2460 tori
561 2403 604 2462 et.
626 2396 808 2481 pristinum
843 2418 967 2462 morem
999 2396 1199 2461 iudiciorum

25 2492 27 2563 ζ
139 2500 342 2584 requirunt.
389 2499 466 2564 Non
491 2501 580 2566 enim
606 2520 729 2564 corona
754 2523 930 2567 consessus
946 2508 1056 2566 vester
1071 2502 1201 2565 cinctus
1223 2505 1244 2567 2

26 2618 28 2691 ζ
140 2611 216 2679 111,
240 2611 282 2667 ut
305 2603 444 2681 solebat,
467 2626 535 2668 non
557 2605 684 2669 usitata
714 2604 908 2690 frequentia
931 2605 1047 2691 stipati
1072 2627 1199 2682 sumus,

26 2704 27 2745 ³
139 2730 220 2772 non
244 2708 303 2771 illa
328 2708 503 2793 praesidia,
521 2730 607 2794 quae
634 2731 694 2794 pro
721 2710 855 2794 templis
880 2709 1032 2774 omnibus
1057 2711 1202 2787 cernitis,
1227 2725 1255 2770 10

139 2812 217 2877 etsi
247 2820 364 2875 contra
395 2812 463 2878 vim
495 2814 658 2878 collocata
689 2820 781 2891 sunt,
811 2825 881 2878 'non
912 2812 1059 2879 afferunt
1076 2822 1198 2880 11111111

138 2915 292 3000 aliquid,
319 2917 419 2980 utin
445 2916 518 2981 foro
549 2925 584 2983 et
608 2918 643 2981 in
674 2917 809 2996 indicit,
838 2939 1044 3004 quamquam
1069 2941 1202 3005 prae-

139 3019 246 3084 sidiis
277 3020 480 3086 salutaribus
508 3023 767 3088 et‘uecessariis
796 3023 902 3107 saepti
932 3032 1201 3102 sumus„tamen

139 3147 189 3189 ne
226 3146 295 3189 nou
325 3126 441 3190 timere
473 3126 610 3213 quidem
638 3128 710 3192 sine
738 3127 852 3213 aliquo
878 3128 996 3194 timore
1023 3131 1196 3214 possimus.

141 3229 250 3309 Quae
282 3229 311 3293 si
341 3231 494 3316 opposita
525 3229 647 3295 Miloni
679 3229 843 3316 putarem,
868 3232 1020 3298 cederem
1050 3235 1201 3320 tempori,
1226 3249 1255 3294 15

138 3333 292 3410 iudices,
317 3356 377 3398 nec
408 3335 498 3399 inter
528 3341 656 3399 tantam
681 3336 751 3400 vim
781 3358 949 3401 armorum
974 3339 1200 3402 existimarem

137 3461 223 3504 esse
255 3439 398 3502 orationi
427 3439 549 3504 locum.
597 3439 664 3504 Sed
694 3462 747 3505 me
779 3450 906 3506 recreat
935 3449 971 3506 et
1000 3441 1107 3506 reficit
1136 3441 1199 3505 On.

138 3544 303 3627 Pompei,
319 3544 558 3628 sapientissimi
582 3551 617 3609 et
643 3545 820 3610 iustissimi
842 3547 916 3621 viri,
934 3547 1121 3623 consilium,
1138 3547 1198 3632 qui

26 3690 27 3695 κ
136 3647 304 3733 profecto
329 3669 389 3712 nec
416 3650 564 3714 iustitiae
590 3671 669 3714 suae
700 3657 837 3734 putaret
867 3673 949 3727 1111,
977 3674 1077 3736 quem
1103 3674 1196 3716 reum

26 3780 27 3787 ¹
134 3752 330 3818 sententiis
360 3751 510 3817 iudicum
529 3752 744 3830 tradidisset,
762 3753 917 3819 ,eundem
948 3756 1024 3819 telis
1057 3756 1202 3820 militum
1224 3770 1254 3815 10

26 3910 27 3933 ,
133 3855 276 3948 dedere
302 3878 363 3922 nec
390 3857 574 3941 sapientiae
596 3857 822 3922 temeritatem
845 3859 1029 3923 concitatae
1051 3861 1202 3925 multitu-

662 3963 712 4011 245
