2800 4367
475 367 557 422 cnr.
584 369 671 433 reso,
695 368 708 428 s
730 367 818 423 ries.
1148 352 1211 420 265

106 544 263 609 fiteutem
277 540 411 608 volunt.
457 540 684 607 Sustinuisset
707 540 770 606 hoo
786 540 913 606 crimen
928 539 1074 624 primum
1087 538 1159 624 ipse

106 649 165 712 ille
189 648 360 712 latronum
381 646 570 712 occultator
590 652 626 710 et
646 652 800 730 receptor
825 645 929 721 locus,
952 665 1029 709 oum
1050 666 1160 731 neque

107 759 204 816 muta
229 748 379 816 solitudo
401 749 583 816 indicasset
609 770 719 835 neque
747 769 845 814 caeca
867 770 935 814 nox
958 747 1161 814 ostendisset

109 853 293 930 Milonem
317 853 439 920 deinde
455 853 501 920 ibi
517 854 616 918 multi
631 853 674 919 ab
691 853 749 917 illo
767 853 894 930 violati,
908 852 1053 937 spoliati,
1064 851 1160 918 bonis
1185 868 1214 914 15

109 960 254 1045 expulsi,
285 960 385 1024 multi
415 960 496 1024 haec
529 960 631 1023 etiam
665 959 822 1022 timentes
861 959 895 1020 in
933 958 1161 1043 suspicionem

21 1098 22 1141 ,
109 1063 279 1141 caderent,
305 1070 376 1128 tota
407 1062 554 1148 denique
587 1084 642 1127 rea
673 1063 835 1127 citaretur
858 1061 1004 1127 Etruria.
1052 1064 1159 1148 Atqui
1176 1068 1213 1128 51

21 1144 22 1239 i
108 1168 169 1233 illo
183 1167 238 1232 die
255 1175 346 1232 certe
363 1168 480 1232 Aricia
502 1167 634 1232 rediens
658 1166 807 1232 devertit
831 1166 971 1232 Clodius
994 1166 1037 1230 ad
1060 1166 1160 1231 Alba-

108 1294 200 1336 num.
248 1271 350 1352 Quod
374 1279 413 1336 ut
440 1273 541 1336 sciret
565 1271 660 1348 Milo,
685 1271 783 1334 illum
811 1271 945 1336 Ariciae
971 1270 1084 1348 fuisse,
1108 1292 1161 1335 su-

20 1414 21 1417 =
107 1377 230 1461 spicari
245 1383 358 1441 tamen
369 1374 488 1442 debuit
498 1397 586 1452 eum,
597 1375 728 1440 etiamsi
743 1375 882 1440 Romam
899 1371 957 1438 illo
971 1374 1025 1439 die
1037 1376 1161 1440 reverti
1184 1391 1214 1437 ao

108 1480 225 1558 vellet,
242 1479 285 1544 ad
300 1481 418 1546 villam
432 1501 538 1557 suam,
552 1501 639 1565 quae
651 1481 740 1545 viam
750 1486 914 1565 tangeret,
928 1477 1157 1544 deversurum.

109 1583 182 1648 Gur
196 1605 306 1669 neque
329 1592 407 1650 ante
431 1585 587 1661 occurrit,
605 1606 646 1649 ne
670 1584 727 1648 ille
752 1583 886 1648 invilla
909 1583 1080 1662 resideret,
1098 1605 1159 1650 nec
1283 1664 1286 1670 .

108 1709 149 1752 eo
165 1689 201 1751 in
216 1688 291 1752 loeo
306 1688 467 1767 subsedit,
484 1710 552 1774 quo
568 1689 625 1756 ille
642 1696 746 1753 noctu
762 1695 926 1754 venturus
943 1687 1054 1754 esset?

154 1791 265 1857 Video
288 1792 398 1857 adhuc
419 1800 584 1870 constare,
602 1792 741 1870 iudices,
765 1793 885 1870 omnia,
911 1792 1032 1856 Miloni
1056 1793 1212 1858 etia1u52

18 1884 19 1897 ¹
106 1897 194 1962 utile
211 1895 316 1962 fuisse
334 1896 492 1962 Clodium
508 1898 699 1973 vivere-illi
716 1896 759 1961 ad
775 1918 822 1974 ea,
836 1918 922 1981 quae
935 1884 1160 1982 concupierat,
1183 1912 1213 1957 25

106 2002 358 2085 optatissimum
373 2003 548 2067 interitum
575 2002 729 2078 Milonis3
753 2001 868 2066 odium
892 2001 993 2066 luisse
1010 2002 1101 2066 illius
1125 2003 1159 2064 in

17 2100 19 2155 l
105 2104 199 2168 hunc
226 2105 487 2182 acerbissimum,
518 2107 652 2170 nullum
681 2106 782 2171 huius
814 2107 850 2170 in
880 2106 999 2182 illum3
1024 2127 1161 2170 consue-

17 2226 18 2269 :
104 2209 262 2274 tudinem
291 2210 383 2274 illius
413 2219 610 2295 perpetuam
634 2211 670 2274 in
697 2211 732 2276 vi
756 2209 939 2286 inferenda,
964 2210 1065 2276 huius
1090 2218 1160 2275 tan-

104 2321 182 2377 turn
196 2314 233 2377 in
249 2312 441 2399 repellenda
450 2338 459 2389 3
485 2322 626 2379 mortem
641 2314 683 2379 ab
699 2315 759 2379 illo
782 2314 1015 2380 denuntiatam
1039 2314 1160 2410 Miloni

102 2428 143 2485 et
157 2420 362 2506 praedictam
377 2421 498 2506 palam,
512 2420 596 2485 nihil
607 2443 768 2506 umquam
785 2421 940 2486 auditum
957 2443 998 2486 ex
1016 2421 1160 2497 Milone3
1184 2435 1214 2483 3ο

101 2525 325 2611 profectionis
348 2526 451 2592 huius
474 2527 563 2592 diem
587 2527 637 2590 illi
660 2534 789 2604 notum,
813 2527 941 2594 reditus
965 2527 1056 2591 illius
1080 2526 1159 2592 huic

102 2633 265 2717 ignotum
295 2630 420 2706 inisse3
452 2631 553 2696 huius
585 2633 649 2696 iter
676 2633 913 2708 necessarium,
941 2632 1032 2695 illius
1057 2631 1160 2695 etiam

101 2737 221 2820 potius
244 2735 413 2810 alienum3
445 2735 535 2800 hunc
558 2756 637 2820 prae
659 2758 695 2802 se
727 2737 846 2802 tulisse
877 2737 937 2800 illo
968 2734 1021 2800 die
1054 2736 1160 2800 Roma

101 2841 289 2915 exiturum,
306 2839 403 2902 illum
418 2861 457 2904 eo
473 2839 526 2903 die
542 2861 578 2904 se
595 2839 823 2906 dissimulasse
840 2839 1046 2915 rediturum3
1067 2839 1157 2906 hunc

102 2943 237 3007 nullius
260 2944 309 3007 rei
332 2950 478 3008 mutasse
505 2945 694 3021 eonsilium,
719 2945 816 3009 illum
847 2965 982 3010 causam
1009 2944 1160 3008 mutandi
1184 2959 1213 3004 35

101 3046 238 3111 consilii
263 3046 400 3111 finxisse
412 3070 421 3122 ;
452 3047 541 3124 huic,
573 3049 603 3112 si
634 3048 860 3125 insidiaretur,
893 3055 1025 3113 noctem
1056 3068 1158 3132 prope

101 3149 224 3215 urbem
254 3150 506 3236 expectandam,
541 3152 601 3227 illi,
635 3153 766 3217 etiamsi
797 3153 888 3216 hunc
916 3173 983 3216 non
1014 3152 1158 3228 timeret,
1206 3189 1214 3194 -

100 3262 220 3320 tamen
242 3275 414 3320 accessum
435 3254 479 3319 ad
502 3255 619 3321 urbem
644 3264 849 3322 nocturnum
877 3256 982 3322 fuisse
1009 3263 1160 3320 metuen-

100 3358 199 3422 dum.

148 3481 215 3528 xx.
239 3463 425 3530 Videamus
441 3463 592 3542 nuncid,
611 3464 703 3551 quod
722 3473 826 3551 caput
848 3472 908 3542 est,
927 3465 1021 3531 locus
1044 3464 1087 3529 ad
1110 3466 1157 3528 in·
1172 3469 1212 3530 53

99 3567 283 3634 sidiasille
304 3569 386 3655 ipse,
410 3569 467 3635 ubi
491 3570 664 3656 congressi
685 3577 777 3647 sunt,
802 3571 871 3635 utri
896 3569 1033 3634 tandem
1057 3569 1160 3634 fuerit

100 3674 225 3757 aptior.
272 3673 313 3737 Id
328 3695 417 3750 vero,
435 3673 573 3749 iudices,
598 3674 700 3739 etiam
723 3673 949 3738 dubtiandum
973 3681 1007 3739 et
1030 3673 1159 3738 diutius

101 3776 326 3864 cogitandum
355 3787 416 3843 est.
463 3777 556 3842 Ante
588 3776 735 3859 fundum
767 3777 875 3854 Clodi,
902 3799 969 3862 quo
994 3777 1159 3842 infundo

101 3889 244 3968 propter
273 3883 407 3948 insanas
439 3883 514 3947 illas
555 3882 824 3948 substructiones
856 3880 955 3946 facile
988 3882 1160 3946 hominum
1196 3895 1211 3940 s
