2800 4367
52 294 54 373 l
447 339 531 391 cnr.
557 337 613 402 rc,
637 339 651 402 s
672 339 728 394 aa
1099 325 1161 392 247

70 511 212 578 ublicam
236 511 390 578 adducti
417 520 514 577 metu
537 510 845 578 crudelissimorum
868 511 1109 598 suppliciorum

70 642 157 684 arere
183 640 252 682 non
284 617 507 703 possumus?
555 616 719 702 Equidem
744 625 871 682 ceteras
895 625 1110 702 tcrnpcstatcs

67 740 90 785 a
115 723 270 808 procellas
313 723 355 785 in
398 721 469 786 illis
508 720 686 785 dumtaxat
721 719 879 786 fluctibus
917 721 1111 786 contionum
1134 737 1163 782 ab

65 851 172 913 emper
184 827 314 915 putavi
339 825 473 890 Miloni
489 847 563 890 esse
584 823 785 900 subeundas,
803 827 883 910 quia
905 847 1036 912 semper
1050 847 1110 912 pro

68 936 140 998 annis
162 941 285 999 contra
311 930 497 1017 improbos
523 937 682 1007 senserat,
706 931 740 994 in
764 927 888 994 iudicio
914 952 993 994 vcro
1016 939 1050 994 ct
1073 930 1107 994 in

63 1060 91 1099 eo
117 1039 260 1115 consilio,
297 1039 338 1101 in
375 1057 448 1122 quo
480 1057 522 1100 en
555 1037 685 1100 cunctis
712 1033 886 1100 ordinibus
915 1035 1108 1120 amplissimi

64 1144 111 1204 n'n'
128 1143 334 1218 indicarent,
356 1161 547 1226 numquam
572 1140 762 1205 existimavi
788 1161 882 1224 spem
907 1140 1011 1204 ullam
1037 1163 1109 1204 essu

63 1246 208 1312 habituros
235 1247 396 1311 Milonis
426 1246 578 1309 inimicos
603 1244 743 1310 adeius
771 1265 837 1309 non
855 1242 953 1308 modo
969 1245 1111 1309 salutern
1135 1261 1164 1305 so

62 1351 327 1438 extinguendam,
358 1349 423 1414 sed
454 1350 556 1414 etiam
582 1348 722 1436 gloriam
751 1371 810 1434 per
839 1349 923 1412 tales
950 1349 1037 1414 viros
1065 1350 1110 1412 in-

62 1454 266 1542 biagendam.
320 1454 545 1539 Quamquam
562 1455 597 1517 in
612 1452 674 1518 hac
687 1474 798 1528 causa,
813 1451 950 1526 iudices,
964 1453 1004 1516 T.
1020 1453 1110 1516 Anni
1135 1455 1154 1519 6

61 1560 211 1627 nibunatu
242 1561 434 1644 rebusque
466 1559 619 1624 omnibus
645 1580 706 1644 pro
737 1556 845 1622 salute
877 1559 923 1622 rei
954 1557 1106 1645 publicae

61 1667 140 1747 gestis
166 1665 212 1730 ad
240 1667 363 1729 huius
392 1664 542 1727 criminis
570 1662 799 1728 defensionem
829 1685 894 1726 non
924 1662 1108 1728 nbutcnrur.

59 1767 115 1832 l'isi
141 1772 257 1835 oculis
295 1767 462 1833 videritis
494 1767 631 1832 insidias
658 1766 779 1831 Miloni
804 1789 822 1831 a
847 1767 966 1832 Clodio
994 1766 1110 1843 factas,
1134 1782 1163 1828 ³5

60 1894 102 1935 rec
125 1873 359 1960 deprecaturi
391 1892 518 1948 sumus,
544 1880 584 1936 ut
610 1871 735 1937 crimen
767 1871 829 1937 hoc
855 1871 950 1937 nobis
974 1879 1110 1959 propter

59 1980 141 2043 nulta
165 1979 365 2065 praeclara
393 1977 429 2039 in
456 1998 527 2042 rem
553 1977 722 2062 publicam
751 1977 869 2043 merita
899 1978 1106 2054 condonetis,

59 2102 99 2145 ree
125 2081 365 2168 postulaturi,
397 2087 447 2157 ut,
478 2082 507 2146 si
545 2103 631 2146 mors
671 2081 709 2145 P.
743 2079 840 2146 Clodi
880 2083 970 2148 salus
1002 2091 1113 2148 vestra

57 2185 146 2263 frent,
171 2187 323 2251 idcirco
339 2205 416 2249 eam
431 2185 550 2249 virtuti
577 2185 715 2250 Milonis
740 2187 853 2272 potius
876 2209 975 2272 quam
993 2188 1109 2272 populi

59 2288 178 2355 Romani
223 2288 400 2354 felicitati
433 2289 620 2376 assignetis.
682 2289 750 2354 Sed
781 2290 808 2354 si
840 2291 932 2355 illius
972 2291 1110 2356 insidiae
1134 2309 1163 2354 40

56 2394 194 2460 clariores
239 2394 314 2457 hac
354 2392 430 2457 luce
469 2391 606 2467 fuerint,
638 2401 712 2458 tum
750 2393 895 2480 denique
934 2395 1113 2461 obsecrabo

56 2498 319 2582 ¹:lnestaborque
352 2517 422 2572 vos,
455 2495 593 2574 indicae,
625 2499 653 2562 si
685 2506 796 2563 cetera
833 2500 1014 2575 amisimus
1046 2499 1109 2566 hoc

56 2604 155 2669 altem
198 2602 314 2666 nobis
353 2608 394 2664 ut
431 2601 654 2686 relinquatur,
685 2603 791 2668 vitam
826 2603 867 2668 ab
898 2605 1109 2670 inimicorum

56 2708 180 2773 audacia
206 2707 370 2789 telisque
395 2712 435 2768 ut
457 2705 582 2790 inpune
606 2707 709 2770 liceat
732 2706 922 2774 defendere.

82 2829 131 2883 ΠΙ.
167 2809 252 2877 Sed
270 2815 458 2893 antequam
474 2809 516 2873 ad
533 2831 607 2875 eam
623 2813 808 2875 orationem
826 2815 935 2891 venio,
952 2836 1037 2899 quae
1055 2823 1106 2880 est
1130 2815 1149 2878 7

55 2919 173 3003 propria
191 2921 342 2980 vestrae
358 2915 576 2999 quaestionis,
594 2915 754 2980 videntur
770 2937 808 2980 ea
825 2939 896 2982 esse
920 2917 1109 2996 refutanda,

56 3041 121 3101 quac
147 3029 191 3087 et
222 3019 264 3081 in
295 3023 413 3082 senatu
442 3017 483 3082 ab
512 3020 655 3084 inimicis
686 3043 785 3106 saepe
815 3021 938 3087 iactata
968 3030 1050 3088 sunt
1076 3031 1111 3089 et

55 3124 76 3186 in
97 3126 280 3192 contione
306 3120 348 3185 ab
374 3121 532 3207 improbis
559 3131 593 3188 et
623 3126 725 3208 paulo
748 3133 826 3190 ante
850 3127 891 3191 ab
913 3129 1111 3192 accusatori-

56 3226 107 3309 bus,
139 3238 188 3295 ut
222 3226 320 3292 omni
347 3247 456 3292 errore
486 3228 620 3293 sublato
651 3251 721 3294 rem
752 3231 860 3316 plane,
887 3253 972 3316 quae
997 3233 1148 3297 veriats

55 3333 76 3395 in
100 3334 302 3407 iudicium,
329 3329 442 3395 videre
468 3333 613 3416 possitis.
679 3333 816 3420 Negant
845 3337 970 3401 intueri
1000 3336 1110 3401 lucem

56 3460 108 3506 sse
134 3441 197 3505 fas
225 3437 272 3511 ei,
289 3435 349 3521 qui
373 3455 393 3499 a
415 3457 450 3500 se
477 3437 647 3502 homiuem
674 3441 822 3504 occisum
852 3463 923 3506 esse
951 3441 1106 3506 fateatur.

56 3540 82 3606 ln
95 3569 169 3631 qua
188 3539 339 3606 tandem
354 3539 436 3604 urbe
452 3540 514 3606 hoc
529 3541 682 3608 homines
704 3545 895 3610 stultissimi
911 3545 1110 3631 disputant?

58 3644 175 3736 Nempe
208 3647 248 3709 in
278 3665 328 3720 ea,
353 3666 439 3729 quae
467 3646 611 3730 primum
634 3648 797 3713 iudicium
824 3649 998 3737 decapite
1022 3649 1111 3715 vidit

58 3748 90 3816 ll.
103 3751 255 3825 Horati,
280 3747 457 3813 fortissimi
483 3751 557 3827 viri,
578 3752 637 3836 qui
663 3751 814 3818 nondum
838 3753 944 3819 libera
972 3753 1111 3821 civitate
1135 3771 1163 3816 10

60 3863 157 3925 lamen
188 3852 318 3942 populi
346 3853 488 3917 Romani
515 3857 658 3920 comitiis
686 3856 846 3923 liberatus
868 3866 929 3936 est,
946 3877 1023 3922 cum
1044 3877 1109 3924 sua
