2800 4367
470 363 653 426 caan-14,
678 363 691 422 a
715 363 802 414 ao-lo.
1147 348 1210 414 113

101 556 213 620 quam
241 533 371 599 Sullam
394 535 646 600 nominavisset.
692 534 764 598 Iam
794 556 874 600 vcro
904 533 992 598 illud
1022 533 1154 619 probari
1170 537 1210 600 38

61 722 66 730 .
100 639 247 703 minime
277 646 398 723 potest,
439 638 556 702 Gallos
596 639 766 703 Autronio
808 639 980 702 nominato
1018 646 1153 722 putasse

101 751 247 828 propter
261 743 460 806 calamitatis
476 741 733 806 similitudinem
756 740 820 806 sibi
843 740 973 826 aliquid
996 741 1037 805 de
1061 739 1156 805 Sulla

99 867 177 911 esse
213 846 455 931 quaerendum,
487 845 612 922 Cassio,
643 847 673 910 si
697 845 752 909 hic
776 852 864 910 essct
887 846 922 907 in
948 843 1067 910 eodem
1090 866 1157 909 sce·
1180 859 1211 906 ³0

101 951 341 1027 le1·c,necum
363 951 567 1036 appellasset
590 948 728 1036 quidem
751 949 970 1025 Autronium,
995 948 1097 1014 huius
1120 951 1156 1012 in

100 1062 257 1119 mentem
281 1055 394 1119 venire
424 1055 585 1139 potuisse.
631 1052 698 1118 Sed
729 1062 842 1119 tamen
872 1052 957 1139 quid
982 1051 1155 1137 respondit

101 1158 144 1223 dc
169 1157 270 1224 Sulla
292 1158 453 1224 Cassius?
497 1157 540 1224 Se
564 1159 690 1224 nescire
707 1166 844 1224 certum.
892 1158 987 1222 ‘Non
1010 1156 1154 1244 purgat,'

102 1263 231 1348 inquit.
277 1264 361 1327 Dixi
375 1271 492 1328 autea:
517 1262 568 1328 Ne
583 1264 613 1327 si
628 1271 787 1349 argueret
808 1261 946 1348 quidem
968 1270 1043 1328 turn
1065 1263 1156 1336 deni·

101 1389 182 1452 que,
200 1390 279 1432 cum
301 1374 390 1455 esset
411 1368 647 1454 interrogatus,
672 1366 709 1431 id
731 1367 813 1431 mihi
836 1368 1052 1432 criminosum
1068 1367 1157 1432 vide·
1179 1383 1209 1428 35

102 1479 209 1537 retur.
257 1471 326 1537 Sed
352 1494 414 1558 ego
445 1473 480 1535 in
511 1470 645 1536 indiciis
675 1479 711 1537 et
740 1472 775 1535 in
806 1471 1058 1558 quaestionibus
1088 1475 1208 1539 nonae

102 1576 166 1641 hoc
201 1576 433 1662 quaerendum
462 1575 614 1651 arbitror,
645 1598 729 1640 uum
759 1583 924 1662 purgetur
953 1577 1070 1660 aliqui,
1097 1576 1158 1640 sed

103 1701 188 1745 num
217 1691 388 1769 arguatur.
435 1681 572 1746 Etenim
598 1703 676 1745 cum
701 1703 737 1746 se
768 1687 872 1766 negat
896 1680 981 1747 scire
1005 1679 1153 1755 Cassius

102 1781 222 1848 utrum
252 1785 409 1850 sublevat
439 1784 569 1849 Sullam
598 1807 641 1848 an
671 1785 753 1849 satis
784 1783 902 1868 probat
934 1805 969 1848 se
1002 1783 1153 1849 nescire?

104 1887 289 1954 ‘Sublevat
318 1888 409 1974 apud
440 1888 579 1953 Gallos.'
634 1888 728 1969 Quid
759 1888 829 1952 ita?
884 1887 954 1952 ‘Ne
984 1887 1154 1953 indicent?
1177 1909 1208 1954 40

46 2043 50 2050 .
103 1991 224 2070 Quid?
260 1995 289 2058 si
320 1994 508 2078 periculum
537 2015 610 2058 csse
641 1999 803 2078 putasset,
836 2014 877 2057 ne
908 1993 960 2056 illi
993 2014 1154 2077 umquam

104 2096 304 2174 indicarent,
321 2098 362 2163 de
378 2121 413 2163 se
437 2099 508 2184 ipse
532 2097 708 2162 confessus
731 2097 844 2163 esset?
891 2097 1042 2162 ‘Nesciit
1065 2097 1155 2162 vide·

102 2201 206 2267 licet’
253 2202 363 2268 Credo
393 2203 540 2268 celatum
571 2224 643 2266 esse
675 2202 829 2266 Cassium
859 2200 901 2266 de
931 2201 1027 2267 Sulla
1066 2225 1152 2278 un0;

104 2327 181 2370 nam
199 2307 241 2372 dc
265 2309 384 2373 ceteris
407 2316 495 2372 certe
520 2307 664 2381 sciebat3
688 2307 814 2371 etenim
842 2304 932 2369 domi
956 2307 1028 2372 eius
1050 2308 1153 2392 plera·

104 2432 170 2495 que
197 2410 341 2477 conflata
366 2433 437 2476 esse
464 2411 649 2476 constabat.
696 2410 766 2488 Qui
798 2432 919 2496 negare
951 2412 1061 2476 noluit
1081 2432 1154 2476 esse
1176 2427 1206 2473 45

105 2515 140 2578 in
170 2539 212 2581 eo
243 2538 381 2580 numero
412 2515 550 2591 Sullam,
583 2537 651 2600 quo
682 2515 759 2599 plus
796 2516 868 2599 spei
901 2513 1009 2578 Gallis
1047 2514 1151 2592 daret,

104 2617 216 2684 dicere
256 2627 370 2685 autem
407 2619 530 2684 falsum
568 2641 636 2682 non
673 2640 776 2706 ausus
807 2625 868 2696 est,
891 2620 1018 2685 nescire
1056 2619 1154 2684 dixit.

106 2721 216 2808 Atqui
247 2723 308 2788 hoo
339 2724 554 2808 perspicuum
583 2730 645 2799 est,
676 2744 754 2787 cum
784 2723 822 2800 is,
847 2723 971 2808 quide
997 2723 1151 2788 omnibus

105 2827 227 2904 scierit,
259 2827 300 2892 de
331 2827 427 2892 Sulla
456 2849 491 2892 se
522 2828 606 2892 scire
638 2828 779 2913 negarit,
811 2827 951 2892 eandem
982 2849 1054 2893 esse
1085 2829 1154 2892 vim

106 2933 294 3018 negationis
318 2931 430 3007 huiuS,
454 2953 556 3016 quam
582 2933 611 2996 si
636 2940 732 2996 extra
762 2933 1028 2996 coniurationem
1061 2932 1151 2996 hunc
1173 2946 1204 2991 5ο

106 3056 226 3101 essese
248 3037 333 3101 scire
359 3035 511 3100 dixisset.
557 3035 644 3100 Nam
668 3037 766 3100 cuius
789 3037 965 3100 scientiam
987 3036 1029 3100 de
1052 3037 1155 3100 omni-

107 3138 166 3205 bus
190 3147 325 3205 constat
350 3139 465 3217 fuisse,
489 3141 561 3205 eius
586 3141 752 3226 ignoratio
775 3139 816 3204 dc
848 3140 963 3224 aliquo
994 3141 1151 3227 purgatio

107 3241 204 3309 debet
228 3245 344 3310 videri.
391 3244 457 3309 Sed
483 3246 549 3308 iam
570 3266 635 3308 non
662 3266 797 3329 quaero,
822 3250 989 3330 purgetne
1014 3244 1150 3309 Cassius

107 3345 252 3423 Sullam;
285 3349 371 3414 illud
397 3349 479 3412 mihi
509 3356 643 3414 tantum
668 3351 750 3413 satis
781 3355 843 3425 est,
875 3356 992 3413 contra
1021 3348 1150 3414 Sullam

107 3453 188 3515 nihil
204 3475 275 3519 esse
293 3455 326 3517 in
344 3453 477 3520 indicio.
1174 3472 1203 3517 55

147 3575 225 3622 xrv.
249 3558 418 3623 Exclusus
434 3558 496 3623 hac
512 3560 742 3624 criminatione
760 3559 953 3644 Torquatus
977 3580 1093 3623 rursus
1116 3559 1150 3621 in
1162 3559 1204 3623 40

107 3681 155 3726 me
186 3662 294 3738 irruit,
326 3684 378 3727 me
410 3671 561 3737 accusat3
584 3664 633 3728 ait
663 3685 715 3727 me
746 3664 855 3740 aliter,
878 3685 916 3728 ac
941 3663 1069 3728 dictum
1092 3664 1147 3739 sit,

106 3763 139 3827 in
154 3765 285 3830 tabulas
301 3766 454 3851 publicas
470 3769 652 3832 rettulisse.
700 3767 731 3831 Ο
749 3767 784 3831 di
800 3766 1013 3833 inmortales!
1033 3766 1148 3852 (vobis

107 3870 193 3936 enim
209 3870 329 3947 tribu0,
346 3893 434 3962 quae
451 3880 562 3942 vestra
576 3880 667 3952 sunt,
684 3893 746 3941 neo
763 3893 842 3936 vero
858 3892 993 3961 possum
1015 3879 1148 3941 tantum
