2800 4367
175 293 219 357 ⁴2
497 304 568 355 rao
592 304 622 355 n.
647 304 806 355 nunnus
829 305 977 355 onemo.

226 490 307 549 sunt
336 484 474 567 delapsi.
537 483 587 548 Ut
617 484 715 549 aiunt
744 483 780 546 in
817 472 953 547 Graecis
992 481 1176 548 artificibus
1217 503 1276 548 eos

172 603 205 647 to
225 587 383 652 auloedos
399 608 481 663 esse,
499 589 560 671 qui
576 585 761 651 citharoedi
778 586 850 651 fieri
865 608 933 650 non
949 587 1133 671 potuerint,
1147 586 1196 650 sic
1212 606 1276 649 nos

226 691 389 767 videmus,
414 694 474 777 qui
499 700 646 757 oratores
675 691 816 757 evadere
839 713 908 755 non
941 693 1123 777 potuerint,
1151 713 1208 755 eos
1232 690 1277 754 ad

225 798 306 861 iuris
322 796 472 861 studium
490 797 657 861 devenire.
707 796 853 882 Magnus
874 796 1009 862 dicendi
1032 796 1276 881 labor,magna

225 920 288 977 res,
309 922 430 986 magna
454 900 614 986 dignitas
639 922 770 963 summa
795 908 909 965 autem
931 902 1049 986 gratia.
1096 900 1232 964 Etenim
1256 920 1277 962 a

228 1004 319 1069 robis
349 1003 527 1069 salubritas
561 1004 735 1090 quaedam,
767 1004 809 1069 ab
840 1006 891 1081 iis,
923 1006 983 1088 qui
1020 1004 1149 1080 dicunt,
1181 1004 1275 1068 salus

174 1118 203 1170 ts
225 1110 296 1194 ipsa
311 1110 448 1193 petitur.
495 1108 626 1173 Deinde
647 1116 759 1173 vestra
774 1130 932 1192 responsa
954 1116 1057 1194 atque
1082 1107 1217 1173 decreta
1241 1116 1278 1171 et

225 1220 425 1277 evertuntur
451 1233 549 1296 saepe
573 1211 716 1277 dicendo
748 1220 783 1276 et
809 1214 882 1277 sine
910 1211 1106 1277 defensione
1133 1213 1276 1275 oratoris

225 1316 319 1380 firma
334 1338 406 1380 esse
434 1338 501 1380 non
526 1324 678 1400 possunt.
726 1316 767 1379 In
795 1338 863 1400 qua
887 1318 916 1381 si
939 1319 1021 1381 satis
1047 1316 1275 1401 profecissem,

224 1421 354 1504 parcius
372 1419 413 1483 de
430 1420 501 1484 eius
517 1418 617 1484 laude
634 1418 798 1495 dicerem3
822 1442 914 1484 nunc
935 1420 1021 1484 nihil
1044 1420 1085 1485 de
1110 1442 1162 1485 me
1187 1419 1275 1496 dioc,

225 1524 284 1588 sed
300 1524 340 1587 de
358 1524 409 1599 iis,
426 1525 486 1607 qui
502 1524 538 1585 in
554 1522 696 1587 dicendo
714 1525 828 1609 magni
845 1531 926 1588 sunt
943 1532 1003 1587 aut
1018 1522 1168 1588 fuerunt.

172 1630 213 1691 30
268 1646 343 1691 xrv.
376 1628 472 1692 Duae
500 1636 581 1691 sunt
607 1636 705 1704 artes
730 1650 816 1713 quae
840 1630 970 1711 possint
991 1628 1100 1693 locare
1122 1628 1275 1693 homines

88 1726 90 1728 ’
224 1733 259 1794 in
283 1732 487 1815 amplissimo
509 1732 616 1818 gradu
640 1731 827 1818 dignitatis,
845 1752 913 1795 una
935 1733 1154 1815 imperatoris,
1170 1733 1276 1797 altera

224 1838 362 1900 oratoris
401 1836 488 1900 boni.
544 1836 600 1900 Ab
629 1836 691 1901 hoc
723 1838 811 1901 enim
843 1838 934 1920 pacis
965 1843 1161 1900 ornamenta
1199 1840 1275 1901 reti·

224 1950 356 2017 nentur,
387 1941 428 2004 ab
458 1942 516 2004 illo
547 1941 626 2005 belli
664 1942 815 2025 pericula
853 1942 1076 2024 repelluntur.
1134 1932 1272 2006 Ceterae

186 2052 336 2109 stamen
359 2046 504 2109 virtutes
528 2047 617 2128 ipsae
642 2068 701 2129 per
732 2068 768 2109 se
799 2046 945 2108 multum
977 2046 1101 2121 valent,
1133 2046 1271 2121 iustitia,

225 2149 315 2225 fides,
342 2149 461 2232 pudor,
486 2150 729 2233 temperantia3
761 2149 884 2232 quibus
911 2157 954 2225 te,
977 2148 1084 2225 Servi,
1109 2151 1272 2215 excellere

224 2275 337 2317 omnes
360 2254 577 2339 intellegunt.
625 2252 692 2317 Sed
716 2275 808 2317 nunc
834 2252 876 2318 de
903 2253 1025 2318 studiis
1048 2254 1090 2317 ad
1114 2254 1272 2319 honorem

223 2357 393 2441 adpositis
433 2378 500 2420 non
541 2356 581 2421 de
621 2358 723 2421 insita
762 2358 927 2441 cuiusque
959 2360 1085 2423 virtute
1126 2358 1271 2442 disputo.

225 2460 347 2525 Omnia
377 2462 441 2525 ista
478 2461 573 2525 nobis
613 2460 728 2525 studia
766 2461 807 2526 de
846 2462 1000 2527 manibus
1039 2464 1271 2538 excutiuntur,

173 2578 202 2624 10
223 2565 442 2649 simulatque
459 2565 564 2648 aliqui
583 2575 693 2630 motus
710 2588 819 2631 novus
836 2567 994 2631 bellicum
1016 2589 1135 2633 canere
1151 2569 1270 2653 coligit.

224 2668 369 2743 Etenim,
386 2676 426 2731 ut
442 2670 490 2732 ait
505 2670 701 2754 ingeniosus
719 2675 818 2753 polita
833 2678 868 2735 et
890 2679 1008 2736 auctor
1031 2672 1129 2737 valde
1155 2672 1271 2746 bonus,

204 2773 420 2855 ·‘proeliis
452 2775 737 2860 promulgatis
769 2775 955 2859 pellitur
979 2799 996 2840 e
1024 2776 1173 2839 medio’
1205 2796 1271 2839 non

223 2877 330 2940 solum
358 2878 423 2940 ista
455 2886 567 2942 vestra
597 2878 738 2943 verbosa
768 2879 939 2943 simulatio
971 2878 1181 2962 prudentiae,
1213 2878 1273 2940 sed

223 2982 323 3044 etiam
364 2982 437 3063 ipsa
479 2983 538 3045 illa
582 2982 718 3047 domina
760 3004 880 3057 rerum,
926 2980 1176 3062 ‘sapientia3
1232 2982 1272 3043 vi

121 3084 126 3092 '
173 3099 201 3143 15
223 3086 479 3169 geriturres,
503 3090 723 3169 spernitur
742 3083 904 3148 orator’
922 3082 1114 3146 nonsolum
1137 3082 1272 3149 odiosus

223 3191 258 3251 in
275 3189 416 3253 dicendo
432 3212 469 3255 ac
485 3191 622 3274 loquax,
634 3212 751 3255 verum
769 3190 868 3252 etiam
883 3186 1049 3263 ‘bonus;
1072 3187 1271 3253 horridus

224 3294 343 3357 miles
367 3296 548 3370 amatur,’
578 3301 729 3359 vestrum
759 3313 837 3357 vero
861 3290 1011 3355 studium
1039 3299 1149 3357 totum
1173 3295 1269 3359 iacet.

225 3398 334 3461 ‘Non
362 3421 410 3462 ex
441 3401 524 3462 iure
557 3419 716 3461 manum
749 3405 1001 3473 consertum,
1032 3397 1105 3463 sed
1136 3397 1269 3473 fe1·ro,’

223 3503 344 3586 inquit,
378 3513 476 3567 ‘nem
516 3500 740 3585 repetunt!
788 3500 889 3581 Quod
918 3502 948 3565 si
986 3503 1034 3566 ite
1064 3510 1125 3579 est,
1164 3502 1271 3577 cedat,

171 3618 202 3663 ao
223 3607 348 3689 opinor,
382 3606 520 3690 Sulpici,
550 3606 659 3670 forum
688 3607 816 3683 castris,
848 3608 954 3670 otium
989 3608 1140 3683 militiae,
1172 3608 1271 3670 stilus

223 3710 345 3795 gladio,
377 3712 494 3776 umbra
524 3712 606 3786 soli3
630 3712 676 3775 sit
707 3710 853 3796 denique
884 3711 920 3772 in
944 3712 1081 3775 civitate
1104 3732 1143 3775 ea
1166 3712 1272 3793 prima

222 3834 286 3889 res,
302 3822 438 3897 propter
458 3836 559 3898 quam
581 3816 654 3899 ipsa
675 3824 728 3879 est
745 3817 864 3881 civitas
887 3816 1037 3879 omnium
1061 3816 1225 3899 princeps·
