2800 4367
184 327 248 394 182
520 341 591 391 rao
615 340 646 390 r.
670 339 797 390 sssrro
820 337 969 390 011110.

234 513 398 578 scelerum
423 523 459 576 et
482 513 654 576 malornm.
701 511 769 590 Qui
786 510 942 575 tribunus
964 511 1011 596 pl.
1028 509 1107 576 felix
1132 510 1170 572 in
1193 529 1278 574 ever·

183 633 214 679 aa
234 617 337 682 tenda
364 639 398 682 re
425 615 561 701 publica
587 615 654 680 luit
680 615 784 679 nullis
811 616 882 679 suis
909 616 1023 680 nervis
1042 616 1116 700 (qui
1142 613 1277 679 enimin

234 720 411 786 eiusmodi
430 721 502 785 vita
524 721 618 784 nervi
642 742 715 784 esse
741 727 928 804 potuenmt
953 719 1097 784 hominis
1123 716 1280 783 fraternis

234 823 382 912 flagitiis,
412 825 546 889 sororiis
577 825 714 909 stupris,
746 825 836 888 omni
866 824 1021 888 inaudita
1058 823 1199 888 libidine
1230 844 1281 886 ex·

184 932 219 995 17
235 929 438 1014 sanguis?);
462 927 521 992 sed
537 927 604 992 fuit
620 927 771 1013 profecto
787 927 952 1012 quaedam
977 929 1036 992 illa
1057 929 1103 993 rei
1126 926 1281 1012 publicae

141 1061 148 1070 ·
235 1032 371 1096 fortuna
387 1032 510 1107 fatalis,
528 1039 567 1096 nt
582 1032 639 1095 ille
656 1052 775 1096 caecus
792 1039 892 1116 atque
917 1052 1032 1097 amens
1055 1032 1216 1096 tribunus
1239 1030 1281 1115 pl.

182 1152 212 1198 aa
235 1137 481 1201 nancisceretur
493 1135 628 1220 —quid
641 1135 774 1200 dicam?
797 1135 976 1200 consules?
1024 1136 1156 1201 Hocine
1171 1142 1213 1199 ut
1224 1155 1283 1220 ego

233 1242 367 1305 nomine
399 1241 562 1326 appellem
595 1262 765 1304 eversores
795 1239 895 1304 huius
925 1241 1066 1325 imperii,
1096 1239 1284 1326 proditores

236 1353 364 1409 vestrae
395 1343 582 1430 dignitatis,
613 1344 726 1408 hostes
758 1343 919 1408 bonorum
959 1345 1118 1420 omnium,
1147 1344 1211 1429 qui
1244 1341 1284 1406 ad

234 1448 413 1514 delendum
444 1456 609 1524 senatum,
640 1447 868 1534 adfligendum
898 1457 1088 1532 equestrem
1119 1448 1283 1522 ordinem,

233 1552 464 1639 extinguenda
491 1554 603 1616 omnia
632 1554 705 1616 iura
735 1560 836 1636 atque
867 1554 1024 1617 instituta
1056 1554 1223 1617 maiorum
1250 1571 1283 1614 se

130 1735 132 1738 Ι
181 1673 212 1719 aa
233 1658 300 1722 illis
315 1657 461 1722 fascibus
477 1658 664 1740 ceterisque
680 1655 870 1742 insignibus
886 1658 1008 1720 summi
1025 1657 1161 1721 honoris
1178 1664 1283 1740 atque

233 1763 362 1846 imperii
380 1770 513 1824 ornatos
529 1781 600 1824 esse
620 1759 891 1823 arbitrabantur?
936 1759 1101 1839 Quorum,
1118 1782 1179 1846 per
1203 1758 1282 1824 deos

233 1864 455 1929 immortales!
479 1865 506 1928 si
535 1863 684 1928 nondum
712 1865 837 1929 scelera
863 1865 1069 1950 vulneraque
1096 1866 1213 1930 inusta
1236 1863 1281 1926 rei

233 1970 385 2054 publicae
402 1969 506 2034 vultis
523 1967 697 2044 reeordari,
710 1970 843 2033 vultum
856 1978 957 2054 atque
974 1971 1145 2034 incessum
1160 1967 1282 2033 animis
1363 1981 1364 2010 1

181 2090 211 2135 14
233 2076 429 2150 intuemini3
467 2073 600 2138 facilius
632 2094 746 2137 eorum
779 2073 867 2164 facta
897 2081 1073 2138 occurrent
1109 2072 1280 2139 mentibus

182 2184 219 2246 1⁸
231 2181 360 2254 vestris,
387 2181 414 2244 si
446 2200 502 2242 ora
530 2180 600 2262 ipsa
633 2179 740 2242 oeulis
772 2179 1021 2262 proposueritis.
1051 2195 1148 2241 ivm.
1179 2178 1282 2242 Alter
1362 2251 1363 2268 ἶ

232 2284 414 2369 unguentis
439 2281 588 2356 affluens
616 2283 840 2346 calamistrata
866 2303 968 2357 coma,
994 2281 1182 2366 despiciens
1206 2302 1280 2346 con·
1362 2269 1363 2280 ,

232 2389 316 2452 scios
340 2396 533 2470 stuprorum
563 2407 601 2449 ac
629 2394 759 2450 veteres
787 2393 962 2450 vexatores
993 2387 1161 2450 aetatulae
1189 2406 1278 2460 snae,

232 2492 359 2576 puteali
390 2499 426 2555 et
454 2490 700 2554 faeneratorum
732 2489 889 2576 gregibus
925 2488 1073 2566 inflatus,
1104 2512 1124 2554 a
1155 2491 1277 2575 quibus
1361 2527 1362 2578 q

196 2611 211 2656 5
233 2597 413 2680 conpulsus
439 2596 528 2671 olim,
554 2616 596 2659 ne
623 2595 658 2656 in
689 2593 843 2678 Scyllaeo
872 2595 932 2658 1110
958 2596 1042 2659 aeris
1069 2595 1171 2660 alieni
1199 2604 1279 2660 tam·

233 2721 335 2784 quam
365 2700 455 2764 fretu
482 2699 525 2764 ad
556 2700 744 2763 columnam
776 2698 1037 2775 adhaeresceret,
1064 2700 1098 2762 iu
1130 2700 1278 2764 tribuna·

233 2811 288 2867 tus
313 2812 446 2889 portum
480 2803 686 2889 perfugerat,
724 2801 960 2867 contemnebat
990 2803 1122 2887 equites
1161 2805 1278 2870 Roma·
1360 2883 1361 2892 ¹

234 2929 302 2983 1101,
325 2908 543 2972 minitabatur
565 2910 708 2984 senatui,
734 2906 930 2972 venditabat
959 2929 994 2972 se
1027 2908 1135 2992 operis
1176 2918 1276 2995 atque

234 3011 275 3076 ab
291 3014 380 3076 iisse
402 3018 565 3096 ereptum,
583 3035 624 3076 ne
652 3012 692 3077 de
721 3011 848 3076 ambitu
877 3033 1018 3076 causam·
1034 3011 1172 3090 diceret,
1189 3036 1277 3099 prac-

182 3131 211 3175 10
232 3115 366 3180 dicabat
380 3116 421 3180 ab
438 3116 612 3201 isdemque
629 3138 664 3180 se
681 3117 783 3181 etiam
799 3116 908 3180 invito
924 3124 1044 3182 senatu
1067 3119 1274 3201 provinciam

233 3241 363 3304 sperare
395 3219 546 3296 dicebat;
574 3242 714 3305 eamque
743 3221 807 3286 nisi
832 3220 975 3305 adeptus
1003 3229 1101 3298 esset,
1127 3243 1163 3286 se
1192 3223 1276 3287 inco
1359 3261 1360 3333 1

182 3326 357 3390 19lumen1
389 3326 483 3389 nullo
514 3324 612 3389 modo
642 3324 714 3389 1011
745 3325 979 3390 arbitrabatur.
1050 3326 1159 3402 Alter,
1194 3349 1213 3390 0
1245 3327 1275 3390 di

233 3428 330 3493 boni!
377 3451 477 3513 qnam
494 3438 601 3494 taeter
616 3427 802 3504 incedebat,
817 3451 917 3513 qnam
935 3431 1160 3507 truculentus,
1175 3453 1275 3515 quam
1358 3479 1359 3484 η

233 3533 390 3598 terribilis
406 3533 563 3617 aspectui
611 3533 726 3597 Unum
744 3533 891 3616 aliquem
908 3541 942 3598 te
959 3556 1001 3598 ex
1025 3533 1172 3599 barbatis
1197 3536 1272 3610 illis,
1358 3535 1359 3627 1

181 3637 421 3720 inexemplum
447 3638 577 3721 imperii
604 3637 739 3712 veteris,
767 3636 947 3722 imaginein
976 3639 1201 3724 antiquitatis,
1226 3662 1290 3716 0οη

232 3741 346 3803 lumen
373 3741 420 3803 rei
450 3740 602 3823 publicae
634 3740 761 3804 diceres
793 3741 926 3805 intueri.
974 3742 1129 3807 Vestitus
1159 3763 1271 3827 aspere
1357 3813 1358 3834 ,

233 3850 347 3907 nostre
376 3843 438 3906 hae
469 3865 617 3926 purpura
647 3843 777 3927 plebeia
808 3865 845 3906 ac
880 3865 984 3928 paene
1016 3845 1122 3923 fusca,
1153 3847 1271 3931 capillo
1357 3845 1358 3919 l
