2800 4367
481 330 561 382 cnr.
586 333 674 393 rora,
699 333 714 394 ς
736 333 824 383 onor.
1155 324 1217 388 311

92 506 192 590 leges
210 524 343 588 capere
370 502 548 568 licuisset?
570 502 652 588 quid
680 511 749 568 tam
777 503 982 581 incredibile,
1000 527 1102 590 quam
1125 519 1165 573 ut

92 611 231 673 iterum
265 629 375 692 eques
406 607 577 672 Romanus
607 629 648 672 ex
680 616 818 673 senatus
856 611 1011 676 consulto
1049 613 1163 676 trium·

93 713 258 800 phar-et?
320 711 416 790 Quae
457 712 493 774 in
534 711 689 776 omnibus
729 712 919 778 hominibus
959 734 1047 779 nova
1086 727 1175 801 post.

93 821 292 884 hominum
322 817 515 880 memoriam
546 818 732 882 constituta
761 826 851 895 sunt,
883 839 921 882 ea
951 827 1019 882 tam
1058 823 1166 886 multa
1189 840 1217 886 ³0

93 947 162 988 non
182 931 281 988 sunt
298 941 400 1006 quam
424 919 515 998 haec,
532 923 668 1006 quaein
684 921 746 986 hoc
763 943 831 985 uno
847 921 979 987 homine
998 924 1159 1012 videmus.

93 1030 227 1114 Atque
257 1027 344 1091 haee
371 1033 425 1090 tot
449 1027 603 1110 exempla
628 1033 724 1090 tanta
751 1047 788 1091 ac
806 1035 872 1090 tam
899 1049 986 1092 nova
1011 1028 1161 1113 profecta
1176 1036 1216 1096 63

93 1142 183 1199 sunt
216 1134 255 1195 in
286 1129 432 1196 eundem
457 1130 717 1210 hominomaQ.
737 1131 850 1195 Catuli
878 1141 979 1216 atque
1004 1142 1160 1198 scetere

92 1263 175 1305 rum
195 1237 358 1304 eiusdem
382 1234 557 1323 dignitatis
582 1236 862 1321 amplissimorum
891 1237 1063 1301 hominum
1086 1260 1160 1303 auo·

93 1348 260 1412 toritate-
1178 1361 1215 1406 eo

139 1467 253 1515 xxn.
279 1446 393 1526 Quare
405 1445 552 1522 videant,
569 1467 611 1510 ne
627 1447 673 1510 sit
686 1447 902 1530 periniquum
919 1456 954 1513 et
969 1470 1036 1513 non
1049 1446 1160 1514 ferun-

96 1557 189 1621 dum
208 1555 351 1617 illorum
377 1553 612 1616 auctoritatem
628 1549 669 1616 de
697 1550 760 1614 Cn.
787 1551 925 1637 Pompei
953 1552 1118 1638 dignitate
1142 1576 1161 1618 a
1201 1559 1205 1568 '

97 1659 206 1726 vobis
240 1653 488 1738 comprobatam
518 1675 649 1737 semper·
675 1674 756 1729 esse,
782 1661 930 1718 vestrum
958 1653 999 1716 ab
1028 1653 1094 1718 illis
1117 1654 1158 1720 de

98 1759 230 1825 eodem
255 1755 389 1818 homine
416 1753 576 1819 iudicium
604 1754 788 1837 populique
818 1753 959 1818 Romani
985 1756 1160 1819 auotorita-

100 1874 178 1930 tem
203 1859 397 1945 improbari,
422 1859 616 1944 praesertim
642 1879 720 1921 oum
744 1858 810 1921 iam
834 1878 896 1921 suo
921 1859 992 1922 iure
1017 1861 1163 1944 populus
1199 1878 1214 1922 o

103 1971 288 2033 Romanus
303 1965 338 2028 in
362 1963 424 2027 hoo
451 1963 585 2027 homine
601 1982 698 2026 suam
713 1963 947 2026 auctoritatem
964 1963 1017 2028 vel
1028 1974 1157 2030 ¹eontra

105 2094 241 2147 omnesr,
274 2071 333 2156 qui
373 2069 588 2146 dissentiunt,
622 2070 729 2154 possit
752 2069 939 2147 defendere,
978 2082 1153 2158 propterea

106 2176 206 2264 quod
237 2175 344 2241 isdem
373 2175 447 2240 istis
478 2175 737 2240 reclamantibus
765 2197 825 2240 vos
856 2197 960 2240 unum
992 2178 1088 2242 illum
1115 2201 1157 2243 ex

107 2280 270 2348 omnibus
300 2280 482 2367 delegistis,
510 2301 611 2364 quem
639 2280 728 2345 bello
753 2280 957 2366 praedonum
985 2303 1162 2367 praepone·
1198 2299 1214 2344 9

107 2389 206 2454 retis.
253 2386 328 2451 Hoc
351 2387 379 2450 si
397 2407 456 2451 vos
483 2393 606 2451 temere
633 2384 761 2450 fecistis
788 2391 823 2449 et
847 2386 894 2450 rei
925 2385 1077 2470 publicae
1104 2390 1213 2479 [ῆι-64

109 2515 187 2557 rum
213 2492 439 2566 consuluistis,
455 2499 544 2555 recte
569 2492 627 2555 isti
651 2489 764 2554 studia
781 2499 892 2555 vestra
917 2492 987 2555 suis
1011 2492 1157 2556 consiliis

110 2617 229 2683 regere
260 2603 445 2670 conantur3
469 2597 523 2659 sin
554 2604 666 2660 autern
691 2617 750 2661 vos
778 2595 854 2679 plus
883 2595 964 2659 turn·¹
984 2596 1017 2658 in
1042 2618 1076 2660 re
1100 2618 1159 2681 pu·
1189 2605 1191 2612 ⁴

112 2697 202 2762 blica
228 2695 371 2771 vidistis,
396 2717 455 2761 vos
482 2697 524 2760 iis
550 2695 814 2782 repugnantibus
843 2717 901 2780 per
916 2704 1047 2760 vosmet
1068 2697 1158 2782 ipsos

114 2799 315 2886 dignitatem
341 2798 419 2864 huic
445 2801 593 2884 imperio,
617 2802 763 2864 salutem
791 2799 860 2865 orbi
888 2807 1050 2864 terrarum
1074 2809 1161 2865 attu-

114 2904 212 2980 listis,
228 2903 410 2989 aliquando
437 2905 493 2968 isti
521 2906 687 2990 principes
705 2912 740 2968 et
762 2904 823 2969 sibi
841 2911 877 2968 et
899 2905 1017 2969 ceteris
1045 2906 1161 2989 populi
1186 2922 1213 2966 15

116 3009 258 3072 Romani
273 3009 423 3073 universi
451 3010 644 3073 auctoritati
671 3008 855 3093 parendum
882 3030 953 3073 esse
978 3008 1158 3074 fateantur.

119 3110 232 3197 Atque
248 3113 283 3176 in
310 3113 372 3177 hoo
399 3111 490 3189 bello
513 3114 665 3178 Asiatico
681 3121 716 3178 et
738 3113 831 3199 regio
859 3135 925 3176 non
942 3114 1049 3178 solum
1075 3113 1158 3177 mili·

117 3217 196 3280 taris
219 3217 278 3281 illa
304 3218 421 3294 virtus,
449 3239 534 3303 quae
561 3226 614 3283 est
642 3219 677 3280 in
703 3217 764 3281 On.
793 3216 953 3301 Pompeio
968 3218 1157 3304 singularia,

120 3319 180 3385 sed
191 3321 274 3386 aliae
303 3338 438 3408 quoque
455 3324 598 3387 virtutes
621 3323 723 3386 animi
750 3344 889 3408 magnae
906 3330 941 3386 et
964 3323 1089 3386 multae
1114 3345 1161 3387 re-

121 3425 307 3509 quiruntur.
354 3425 499 3491 Difficile
523 3434 575 3492 est
599 3427 634 3489 in
662 3427 755 3503 Asia,
773 3426 901 3503 Cilicia,
919 3425 1013 3512 Syrie
1040 3428 1163 3514 regnis·
1184 3442 1214 3486 ao

123 3551 184 3614 que
207 3531 404 3595 interiorum
428 3532 605 3595 nationum
629 3531 677 3594 ita
693 3532 818 3596 versari
843 3530 996 3595 nostrum
1022 3533 1159 3617 impera·-

125 3640 234 3712 torem,
252 3642 293 3698 ut
308 3634 393 3697 nibil
418 3634 511 3698 aliud
526 3636 591 3699 nisi
608 3634 648 3699 de
664 3636 759 3700 hoste
784 3658 821 3699 ae
838 3635 879 3700 de
896 3635 994 3700 laude
1021 3638 1156 3723 cogitet.

124 3736 258 3815 Deinde,
275 3738 404 3803 etiamsi
421 3740 480 3823 qui
504 3748 585 3803 sunt
611 3739 738 3823 pudore
755 3761 792 3802 ae
809 3742 1028 3824 temperantia
1053 3740 1160 3805 mode·

124 3841 263 3920 ratioreS,
297 3848 409 3906 tamen
439 3864 495 3907 eos
526 3865 598 3907 esse
629 3844 713 3908 tales
743 3851 879 3927 propter
909 3843 1161 3908 multitudinem
1182 3852 1211 3899 24
