2800 4367
430 917 755 1006 npisromn
799 911 1098 1004 succorum.

754 1305 782 1372 1.

651 1499 708 1554 (An
723 1499 795 1546 Fu.
812 1511 836 1544 v.
853 1496 887 1554 7.)
919 1543 923 1554 ⁴

242 1639 282 1689 M.
306 1641 464 1690 TULLIUS
490 1641 529 1688 Μ.
562 1641 595 1687 F.
628 1640 759 1688 CICERO
791 1641 820 1687 S.
853 1640 888 1686 D.
913 1638 971 1686 GN.
995 1636 1152 1685 POMPEIO
1174 1629 1233 1680 GN.
1257 1625 1286 1672 F·

569 1744 702 1793 MAGNO
726 1743 967 1791 IMPERATORI.

213 1897 230 1956 1
297 1892 329 1956 S.
363 1893 403 1955 T.
437 1893 476 1954 E.
514 1892 555 1972 Q.
591 1893 635 1955 V.
668 1893 708 1956 B.
742 1892 781 1956 E.
850 1891 903 1955 Ex
937 1890 1059 1955 litteris
1094 1889 1169 1964 tuis,
1205 1900 1286 1968 quas

250 1995 382 2080 publice
415 1980 546 2072 misisti,
583 1997 655 2080 cepi
690 2017 759 2060 una
790 2017 866 2060 cum
888 1994 1040 2059 omnibus
1065 1988 1285 2057 incredibilem

250 2100 479 2184 voluptatem3
515 2108 644 2164 tantam
667 2101 755 2164 enim
779 2122 870 2185 spem
895 2101 953 2164 otii
979 2095 1165 2171 ostendisti,
1188 2110 1287 2177 quau-

250 2210 319 2266 tam
350 2226 413 2289 ego
446 2226 577 2288 semper
603 2205 757 2269 omnibus
789 2212 822 2269 te
855 2226 923 2268 uno
951 2203 1059 2269 fretus
1093 2197 1286 2286 pollicebar3

211 2305 307 2370 csed
341 2307 403 2371 hoc
445 2309 540 2384 scit0,
578 2317 656 2372 tuos
695 2315 827 2373 veteres
866 2309 988 2384 hostes,
1027 2326 1132 2370 novos
1161 2302 1287 2366 'amicos

249 2410 465 2476 vehementer
494 2412 617 2476 litteris
653 2413 825 2496 perculsos
856 2421 957 2496 atque
994 2433 1035 2476 ex
1076 2404 1194 2496 magna
1230 2423 1285 2488 spe

204 2514 440 2580 2deturbatos
467 2517 585 2582 iacere.
651 2517 709 2580 Ad
740 2539 790 2581 me
822 2525 935 2581 autem
964 2517 1092 2580 litteras
1124 2533 1203 2598 quas
1232 2507 1288 2571 mi·

248 2620 333 2694 sisti,
365 2641 568 2704 quamquam
601 2621 758 2709 exiguam
788 2619 1067 2706 significationem
1098 2627 1174 2683 tuae
1210 2633 1287 2699 erga

248 2744 300 2787 me
331 2723 519 2787 voluntatis
549 2723 727 2800 habebant,
759 2735 869 2789 tamen
901 2723 982 2786 mihi
1009 2723 1094 2787 scito
1129 2717 1286 2786 iucundas

195 2845 224 2890 m
247 2825 370 2899 fuisse3
402 2826 497 2888 nulla
524 2828 613 2890 enim
643 2850 678 2892 re
712 2835 778 2890 tam
809 2828 923 2892 laetari
955 2827 1046 2891 soleo
1077 2847 1177 2910 quam
1206 2844 1287 2886 meo·

248 2951 323 2992 rum
353 2928 539 2992 officiorum
579 2932 792 3007 conscientia,
824 2931 947 3016 quibus
987 2932 1015 2994 si
1053 2929 1187 3014 quando
1223 2948 1285 2990 non

248 3041 365 3095 mutue
404 3032 636 3116 respondetur,
675 3035 765 3121 apud
805 3057 856 3099 me
893 3034 969 3119 plus
1009 3033 1109 3098 officii
1147 3031 1286 3098 residere

246 3134 406 3198 facillime
433 3137 560 3219 patior:
596 3137 683 3200 illud
714 3161 780 3202 non
812 3137 939 3213 dubito,
971 3137 1065 3222 quin,
1096 3136 1125 3200 si
1156 3144 1189 3201 te
1220 3154 1287 3198 mea

247 3259 376 3302 summa
401 3261 480 3325 erga
506 3248 539 3304 te
570 3241 683 3305 studia
713 3263 829 3325 parum
861 3241 942 3304 mihi
974 3240 1213 3316 adiunxerunt,
1240 3259 1287 3302 res

195 3359 222 3404 15
245 3343 379 3427 publica
417 3365 478 3406 nos
516 3343 606 3407 inter
643 3365 703 3408 nos
742 3345 960 3409 conciliatura
999 3347 1287 3428 coniuncturaque

203 3448 298 3511 3sit.
346 3448 408 3524 Ac,
440 3469 482 3510 ne
506 3447 650 3533 ignores,
675 3449 758 3533 quid
782 3471 843 3535 ego
878 3450 913 3512 in
949 3451 1016 3514 tuis
1052 3449 1174 3514 litteris
1209 3447 1288 3513 desi·
1319 3515 1321 3520 Ι

246 3550 397 3626 derarim,
437 3551 578 3615 scribam
617 3559 741 3634 aperte,
779 3553 868 3616 sicut
907 3560 941 3616 et
979 3574 1052 3618 mea
1089 3561 1211 3617 natura
1256 3558 1288 3616 et

245 3660 359 3717 nostra
385 3654 534 3718 amicitia
565 3653 735 3736 postulat:
768 3675 819 3718 res
850 3675 904 3718 eas
936 3657 1034 3740 gessi,
1060 3677 1202 3740 quarum
1237 3656 1288 3720 ali-

246 3778 347 3842 quam
372 3758 407 3820 in
431 3758 499 3821 tuis
523 3756 646 3820 litteris
671 3763 706 3819 et
729 3764 860 3821 nostrae
885 3758 1143 3823 necessitudinis
1178 3768 1213 3824 et
1243 3761 1285 3825 rei

736 3858 783 3906 136
