2800 4367
190 339 253 406 294
320 354 367 403 nn
384 350 540 403 rurnnro
559 351 615 402 cn.
635 350 776 402 rournr
795 352 847 402 An
864 347 1040 412 curamus
1058 347 1211 402 calmo.

243 527 319 589 ticis
335 533 370 589 et
385 524 558 599 cohaeret3
582 545 679 588 ruere
705 525 764 588 illa
789 546 856 588 non
881 525 1035 609 possunt,
1053 531 1092 587 ut
1116 524 1201 589 haec
1229 545 1304 588 non

189 647 217 691 aa
239 630 356 694 eodem
394 628 559 693 labefacta
589 636 684 692 motu
716 628 903 693 concidant.
952 628 1064 709 Quare
1090 628 1225 706 ridete,
1258 652 1305 694 ne
1357 661 1359 682 ι

241 755 309 798 non
336 732 558 797 dubitandum
586 732 681 797 vobis
709 733 754 796 sit
781 734 870 795 omni
898 732 1012 797 studio
1039 732 1081 798 ad
1105 733 1139 796 id
1161 733 1304 798 bellum
1357 791 1359 797 ,

241 836 444 913 incumbere,
460 838 495 899 in
512 858 579 920 quo
595 837 702 922 gloria
717 837 860 900 nominis
876 838 990 912 vestri,
1006 837 1097 902 salus
1113 839 1303 915 sociorum,
1359 875 1360 900 l

241 942 419 1027 vectigalia
449 941 603 1016 maxima,
632 940 788 1034 fortunae
816 941 1037 1025 plurimorum
1065 943 1192 1007 civium
1221 965 1305 1008 con·
1359 977 1360 1016 1

241 1046 374 1110 iunctae
391 1066 467 1109 cum
483 1067 519 1109 re
536 1044 669 1129 publica
686 1043 923 1109 defendantur.

189 1153 230 1214 20
284 1166 362 1213 vlu.
395 1148 564 1228 Quoniam
579 1148 621 1213 de
636 1170 758 1234 genere
772 1147 851 1212 belli
869 1148 950 1227 dixi,
964 1150 1108 1216 nnncde
1124 1154 1304 1238 magnitu-
1359 1227 1360 1232 η

241 1253 319 1318 dine
346 1274 451 1338 pauca
478 1253 596 1317 dicam.
643 1252 762 1317 Potest
790 1253 878 1317 enim
894 1253 957 1318 hoc
985 1254 1062 1331 dici,
1079 1255 1157 1319 belli
1182 1278 1301 1342 genus
1347 1240 1350 1248 ¹

242 1379 313 1422 csse
343 1359 390 1421 ita
420 1359 653 1433 necessarium,
677 1365 718 1420 ut
745 1358 790 1421 sit
821 1358 1015 1443 gerendum,
1041 1381 1108 1423 non
1140 1382 1214 1432 esse
1249 1363 1302 1424 ita

243 1483 411 1547 magnum,
428 1468 469 1525 ut
482 1462 528 1525 sit
553 1460 867 1546 pertimescendum.
914 1461 955 1525 In
984 1485 1051 1548 quo
1079 1465 1225 1529 maxime
1254 1465 1302 1528 la·
1360 1522 1361 1554 ζ

203 1566 426 1630 s'borandum
452 1573 512 1641 est,
541 1587 582 1630 nc
611 1564 698 1630 forte
723 1561 761 1632 ea
789 1566 894 1643 vobis,
921 1589 1006 1651 quae
1034 1568 1300 1654 diligentissime

242 1669 449 1755 providenda
470 1678 561 1745 sunt,
580 1669 825 1735 contemnenda
848 1693 919 1736 esse
937 1671 1125 1737 videantur.
1171 1673 1299 1758 Atque

242 1781 411 1837 utomnes
437 1774 639 1859 intellegant
665 1797 717 1838 me
735 1774 772 1837 L.
791 1774 936 1839 Lucullo
961 1783 1092 1840 tanturn
1120 1778 1298 1861 impertire
1360 1849 1361 1854 η

242 1877 361 1954 laudis,
378 1886 544 1962 quantum
568 1878 650 1943 forti
666 1880 740 1944 viro
763 1887 798 1943 et
812 1880 956 1964 sapienti
979 1879 1104 1943 homini
1118 1888 1153 1945 et
1169 1903 1298 1967 magno

242 1985 432 2069 imperatori
463 1984 633 2060 debeatur,
662 1983 737 2048 dico
760 1983 832 2047 eius
863 1982 1011 2047 adventu
1043 1985 1205 2048 maximas
1233 1985 1299 2047 Mi-

191 2103 219 2149 10
241 2089 379 2152 thridati
396 2090 507 2173 copias
525 2087 679 2152 omnibus
695 2087 794 2152 rebus
819 2095 951 2152 ornatas
979 2094 1080 2172 atque
1108 2089 1297 2153 instructas

242 2193 356 2267 fuisse,
388 2193 573 2277 urbemque
602 2193 705 2256 Asiae
734 2191 949 2255 clarissimam
976 2191 1138 2277 nobisque
1163 2194 1297 2257 amicis·
1361 2271 1362 2278 ἵ

242 2299 360 2361 simam
385 2297 630 2382 Cyzicenorum
659 2296 826 2360 obsessam
854 2317 925 2361 esse
950 2293 992 2360 ab
1018 2297 1090 2379 ipso
1106 2295 1183 2382 rege
1202 2319 1296 2360 max·

242 2403 308 2465 ima
331 2402 551 2466 multitudine
568 2410 604 2465 et
619 2409 846 2487 oppugnatam
863 2400 1170 2476 vehementissime3
1188 2423 1293 2485 quam

191 2520 219 2566 14
242 2506 279 2568 L.
297 2506 461 2570 Lucullus
487 2507 623 2580 virtute,
641 2504 850 2580 assiduitate,
878 2503 1018 2569 consilio
1041 2505 1180 2568 summis
1208 2505 1295 2570 obsi-

190 2613 227 2674 21
239 2609 348 2675 dionis
364 2611 523 2695 periculis
540 2609 716 2685 liberarit3
741 2608 783 2673 ab
798 2596 915 2674 eodem
930 2610 1128 2693 imperatore
1152 2611 1292 2675 classem

244 2736 400 2801 magnam
415 2723 450 2779 et
473 2721 633 2790 ornatam,
651 2735 737 2798 quae
767 2712 908 2778 ducibus
936 2711 1135 2777 Sertorianis
1160 2713 1202 2778 ad
1227 2715 1293 2778 Ita-

243 2818 453 2883 liam-stndio
470 2817 676 2882 inflammata
692 2825 873 2902 raperetur,
891 2825 1082 2901 superatam
1101 2840 1171 2882 esse
1187 2827 1290 2903 atque

246 2922 454 3006 depressam3
490 2944 627 3009 magnas
659 2921 806 2986 hostium
838 2929 1021 3011 praeterea¹
1035 2923 1145 3006 copias
1173 2923 1298 2994 multis

243 3027 377 3110 proeliis
402 3048 473 3091 asse
501 3025 627 3091 deletas
654 3025 930 3111 patefactumque
958 3027 1081 3090 nostris
1102 3025 1291 3112 legionibus

190 3144 221 3189 ao
242 3152 313 3195 esse
339 3131 497 3208 Pontum,
513 3132 573 3216 qui
589 3138 688 3195 antea
714 3130 839 3216 populo
864 3131 1014 3194 Romano
1030 3152 1072 3194 ex
1088 3131 1178 3195 omni
1194 3129 1290 3194 aditu

244 3236 377 3299 clausus
409 3234 548 3311 fuisset3
587 3234 735 3320 Sinopen
766 3241 869 3319 atque
900 3234 1066 3311 Amisum,
1101 3235 1223 3319 quibus
1254 3235 1290 3296 in

245 3340 375 3424 oppidis
392 3349 488 3404 erant
504 3340 672 3404 domicilia
688 3341 786 3425 regis,
804 3338 957 3403 omnibus
981 3323 1080 3404 rebus
1097 3347 1227 3404 ornatas
1250 3358 1288 3400 ac

245 3442 383 3508 refertas
415 3452 610 3529 ceterasque
641 3442 740 3508 urbes
772 3442 873 3508 Ponti
901 3450 936 3509 et
964 3442 1193 3528 Cappadociae
1219 3463 1290 3527 per·

246 3549 369 3612 multas
407 3571 475 3612 nno
513 3548 609 3613 aditu
646 3548 865 3633 adventuque
904 3569 974 3613 esse
1006 3555 1138 3633 captas3
1177 3567 1286 3634 regem

192 3672 221 3716 aa
243 3654 423 3737 spoliatum
450 3675 553 3739 regno
577 3653 686 3736 patrio
711 3661 814 3736 atque
842 3653 934 3717 avito
960 3652 1111 3716 adalios
1136 3674 1171 3718 se
1195 3671 1288 3738 reges

245 3765 347 3840 atque
364 3757 407 3820 ad
422 3758 503 3821 alias
520 3762 637 3842 gentes
653 3756 841 3840 supplicem
859 3757 1059 3832 contulisse3
1083 3764 1185 3842 atque
1209 3757 1286 3820 haec

248 3862 360 3925 omnia
374 3860 476 3925 salvis
492 3860 609 3944 populi
626 3860 768 3922 Romani
792 3861 890 3923 sociis
906 3867 1008 3944 atque
1032 3861 1173 3948 integris
1189 3859 1288 3928 vecti-
