2800 4367
502 339 584 391 cnr.
609 339 666 401 aa,
690 337 703 396 t
728 337 813 392 17-24.
1161 320 1225 390 323

98 514 248 590 dicant,
279 511 452 577 Salaminii
483 517 654 596 repetunt,
678 509 853 598 Smyrnaei
876 532 956 577 vero
978 531 1078 575 suum
1099 507 1172 576 esse

103 618 324 682 confirmant
339 617 453 700 itaque
470 616 573 680 etiarn
588 614 767 679 delubrum
783 616 855 680 eius
878 615 914 678 in
938 614 1062 700 oppido
1084 614 1174 680 dedi·
1196 630 1226 676 as

105 727 297 796 caverunt,
327 719 487 805 permulti
524 719 591 794 alii,
622 728 797 804 praeterea
826 725 982 806 pugnant
1018 721 1107 784 inter
1135 741 1171 784 se

107 835 226 910 atque
243 822 463 888 contendunt.
508 840 560 886 1x.
607 822 697 910 Ergo
719 825 769 887 illi
792 823 950 900 alienum,
968 824 1049 907 quia
1070 827 1170 907 polita

107 929 198 1005 fuit,
211 934 290 1012 post
304 934 446 990 mortem
461 926 562 990 etiam
579 936 765 1010 expetunt;
782 949 842 992 nos
859 927 948 991 huuc
964 927 1091 1003 vivum,
1109 928 1168 1011 qui

110 1041 150 1098 et
176 1031 357 1096 voluntate
376 1038 411 1095 et
430 1030 562 1116 legibus
588 1039 704 1095 noster
721 1039 782 1107 est,
799 1031 1058 1116 repudiabimus,
1082 1053 1171 1116 prae·

110 1136 239 1202 sertim
255 1157 331 1201 cum
348 1156 444 1200 omne
467 1135 548 1199 olim
571 1134 722 1199 studium
747 1142 849 1221 atque
873 1157 970 1200 omne
993 1137 1167 1222 ingenium

111 1241 306 1306 contulerit
321 1240 462 1304 Archias
486 1240 530 1304 ad
553 1240 669 1326 populi
693 1239 836 1304 Romani
860 1241 1002 1326 gloriam
1025 1239 1171 1304 laudem·
1208 1255 1223 1300 a
1276 1285 1278 1290 .

113 1367 188 1430 que
214 1343 473 1409 celebrandam?
517 1343 603 1406 Nam
627 1351 663 1408 et
686 1342 871 1408 Cimbricas
895 1365 947 1407 res
971 1343 1166 1408 adulescens

112 1449 239 1533 attigit
261 1454 296 1511 et
318 1447 382 1531 ipsi
405 1447 456 1510 illi
480 1445 519 1510 Ο.
537 1446 654 1522 Mario,
671 1447 732 1530 qui
756 1446 870 1510 durior
885 1446 928 1510 ad
951 1447 1031 1511 haec
1055 1446 1166 1510 studia

114 1550 312 1625 videbatur,
336 1549 505 1618 iucundus
537 1548 614 1641 luit.
660 1549 780 1634 Neque
805 1552 894 1614 enim
917 1551 1221 1635 quisquamest20

114 1665 191 1720 tarn
208 1674 344 1718 aversus
366 1674 386 1715 a
409 1653 527 1728 Musis,
546 1654 604 1738 qui
627 1675 695 1717 non
719 1653 867 1718 mandari
891 1653 1041 1719 versibus
1064 1662 1167 1718 aeter·

116 1780 205 1823 num
247 1778 385 1822 suorum
421 1757 572 1820 laborum
617 1756 716 1822 facile
755 1759 971 1842 praeconium
1011 1759 1169 1847 patiatur.
1193 1776 1223 1820 10

117 1862 382 1928 Themistoclem
405 1863 513 1937 illum,
529 1883 699 1926 summum
723 1862 869 1926 Athenis
893 1863 1013 1938 virum,
1038 1862 1163 1929 dixisse

117 1968 228 2043 aiunt,
245 1988 321 2031 cum
338 1988 380 2031 ex
403 1988 443 2030 eo
466 1963 692 2051 quaereretur,
710 1966 802 2050 quod
817 1987 969 2030 acroama
985 1974 1045 2031 aut
1068 1969 1164 2031 cuius

119 2093 238 2138 vocem
268 2071 488 2136 libentissime
520 2070 668 2135 audiret:
703 2073 837 2146 ‘elusa
868 2092 935 2156 quo
966 2092 1027 2135 sua
1057 2072 1166 2136 virtus

120 2177 247 2262 optime
262 2175 529 2261 praedicaretur?
575 2176 696 2260 Itaque
714 2177 770 2240 ille
788 2177 916 2240 Marius
940 2177 1020 2240 item
1044 2176 1165 2240 eximie

121 2280 161 2344 L.
192 2281 343 2344 Plotium
374 2280 504 2354 dilexit,
536 2281 632 2344 cuius
664 2282 800 2366 ingenio
831 2280 972 2366 putabat
1002 2302 1049 2356 ea,
1082 2301 1167 2364 quae
1193 2297 1220 2340 15

120 2393 279 2472 gesserat,
303 2407 399 2470 posse
424 2384 592 2449 celebrari.
642 2384 910 2449 Mithridaticum
935 2407 1014 2450 vero
1037 2384 1164 2448 bellum
1182 2387 1218 2448 21

121 2512 281 2576 magnum
311 2498 413 2573 atque
441 2488 575 2554 difficile
600 2497 635 2554 et
672 2492 706 2554 iu
747 2491 854 2554 multa
884 2491 1047 2556 varietate
1075 2496 1163 2553 terra

121 2596 272 2678 marique
295 2601 466 2658 versatum
498 2601 607 2657 totum
641 2594 767 2658 abhoc
792 2616 985 2679 erraressum
1010 2599 1080 2669 est3
1105 2592 1164 2678 qui

122 2697 197 2762 libri
228 2719 295 2760 non
326 2695 424 2760 modo
456 2695 493 2758 L.
526 2696 719 2774 Lucullum,
743 2698 964 2762 fortissimum
995 2705 1030 2762 et
1056 2698 1166 2762 claris-

122 2801 242 2865 simum
274 2802 394 2877 virum,
428 2823 545 2865 verum
577 2804 678 2866 etiam
711 2803 828 2886 populi
867 2803 1009 2866 Romani
1047 2823 1169 2866 nomen
1191 2816 1221 2862 20

122 2905 303 2970 illustrant.
349 2905 501 2989 Populus
533 2906 622 2968 enim
654 2907 824 2969 Romanus
856 2908 988 2990 aperuit
1018 2904 1164 2970 Lucullo

123 3011 304 3095 imperante
332 3008 480 3072 Pontum
508 3015 543 3071 et
569 3009 670 3094 regiis
694 3008 864 3092 quondam
888 3010 1005 3094 opibus
1028 3017 1063 3074 et
1092 3010 1165 3094 ipsa

123 3123 242 3176 natura
268 3120 304 3177 et
327 3113 463 3198 regione
487 3111 661 3187 vallatum,
686 3112 802 3195 populi
826 3112 966 3176 Romani
993 3113 1161 3177 exercitus

123 3217 236 3281 eodem
268 3216 352 3280 duee
377 3237 443 3279 non
466 3216 612 3278 maxima
637 3237 741 3278 manu
766 3215 1017 3280 innumerabilis
1048 3216 1164 3279 Arme·

124 3323 253 3385 nicrum
284 3321 394 3405 copias
419 3319 521 3397 fudit,
552 3321 667 3406 populi
694 3321 836 3388 Romani
867 3320 940 3384 laus
971 3327 1024 3384 est
1053 3319 1219 3384 urbemn

123 3426 353 3503 amicissimam
384 3423 629 3509 Cyzicenorum
656 3424 807 3490 eiusdem
835 3425 973 3489 consilio
1005 3413 1050 3488 ex'
1073 3423 1163 3487 omni

123 3530 249 3614 impetu
271 3529 363 3614 regio
387 3538 490 3613 atque
519 3531 622 3594 totius
646 3529 727 3594 belli
750 3551 804 3594 ore
831 3550 868 3592 ae
896 3525 1050 3592 faucibus
1077 3549 1166 3611 erep-

124 3640 190 3698 tam
220 3654 291 3697 esse
322 3641 424 3716 atque
455 3642 640 3709 servatam3
673 3641 786 3698 nostra
816 3655 947 3718 semper
974 3631 1103 3697 feretur
1129 3639 1165 3696 et

124 3736 367 3822 praedicabitur
397 3737 435 3798 L.
467 3738 611 3802 Lucullo
641 3739 831 3813 dimicante,
863 3759 940 3802 cum
978 3736 1163 3820 interiectis

125 3839 262 3904 ducibus
278 3838 434 3923 depressa
456 3840 604 3905 hostiurn
626 3841 740 3905 classis
764 3850 826 3918 est,
850 3840 1056 3906 incredibilis
1077 3839 1167 3925 apud
1190 3850 1219 3896 3⁰
