2800 4367
208 343 271 407 232
558 357 631 408 rao
652 358 683 408 r.
709 356 836 408 snsmo
859 354 1008 408 onnr1o.

258 527 337 592 Non
363 535 437 593 erat
459 527 545 592 illud
568 527 705 613 quidem
722 550 836 594 verum
849 552 857 604 ;
891 550 958 593 non
981 529 1071 593 euim
1095 529 1231 615 ingrati,
1247 524 1336 592 sed

259 633 381 710 miseri,
398 631 522 718 quibus
549 631 687 697 reddere
715 632 869 711 salutem,
886 653 905 696 a
924 654 992 717 quo
1014 640 1221 717 acceperant,
1238 652 1337 694 non

260 737 386 814 liceret,
403 758 464 802 nec
481 759 568 802 unus
591 738 626 801 in
649 758 854 821 quemquam
878 757 1039 822 umquam
1063 737 1190 823 gratior
1206 756 1336 820 quam

259 843 294 905 in
310 863 362 906 me
379 841 543 916 universi3
565 839 626 905 sed
652 848 764 906 tamen
795 840 882 904 illud
905 842 1041 926 scripsit
1068 840 1335 905 disertissimus

205 962 235 1008 aa
257 949 357 1031 poiita
375 967 436 1031 pro
458 967 522 1022 me,
538 946 610 1031 egit
636 944 841 1009 fortissimus
867 953 968 1021 actor,
985 967 1053 1009 non
1080 944 1188 1009 solum
1213 930 1361 1029 optu-'

259 1071 343 1126 mus,
366 1048 407 1114 de
436 1071 498 1125 me,
522 1070 597 1113 cum
626 1070 741 1114 omnes
769 1048 901 1114 ordines
932 1048 1187 1125 demonstraret,
1215 1070 1337 1113 sena·

260 1162 344 1229 tum,
360 1154 493 1238 equites
515 1153 693 1229 Romanos,
711 1153 907 1219 universum
931 1155 1094 1239 populum
1119 1155 1331 1217 Romanum

260 1266 449 1324 accusaret:

306 1379 512 1444 Exulare
556 1378 733 1456 sinitis,
775 1379 913 1444 sistis
958 1379 1084 1464 pelli,
1127 1379 1332 1464 pulsum

206 1499 237 1544 ³⁰
1069 1483 1231 1568 patimi
1244 1482 1330 1545 nil

260 1605 356 1684 Quae
379 1612 453 1669 tum
479 1604 681 1691 significatio
708 1603 813 1669 fuerit
839 1606 999 1681 omnium,
1017 1625 1104 1689 quae
1125 1603 1330 1668 declaratio

260 1710 446 1775 voluntatis
462 1709 503 1773 ab
519 1710 675 1774 universo
691 1709 817 1793 populo
831 1709 981 1773 Romano
998 1709 1032 1771 in
1047 1729 1146 1773 causa
1161 1708 1324 1771 hominis

260 1836 327 1878 non
354 1813 536 1899 popularia,
560 1812 718 1897 equidem
745 1811 931 1889 audiebam,
957 1812 1148 1877 existimare
1175 1811 1329 1875 facilius

261 1925 412 2002 possunt,
429 1940 488 2002 qm
479 1916 563 1980 adf
564 1924 698 1981 ue1·.unt

188 2027 245 2087 123
302 2039 404 2086 nv111.
436 2021 482 2084 Et
508 2022 668 2106 quoniam
693 2021 761 2086 huc
788 2043 841 2087 me
869 2023 1026 2107 provexit
1053 2023 1168 2098 oratic,
1189 2021 1325 2086 histrio

257 2148 371 2190 casum
394 2147 506 2190 meum
534 2125 658 2190 totiens
686 2125 1324 2202 conlacrumavit,cum1'tatdolenter

260 2237 375 2316 ageret
389 2251 526 2294 causam
542 2250 660 2305 meam,
677 2237 718 2294 ut
729 2252 795 2295 vox
812 2232 884 2295 eius
902 2231 962 2294 illa
978 2231 1145 2315 praeclara
1161 2231 1322 2294 lacrimis

262 2333 499 2418 impediretur3
537 2356 647 2417 neque
678 2338 807 2418 politae,
832 2356 977 2419 quorum
1007 2357 1070 2420 ego
1100 2355 1232 2418 semper
1268 2336 1323 2397 in-

220 2454 236 2498 o
258 2440 357 2524 genia
386 2437 501 2512 dilexi,
525 2438 667 2522 tempori
691 2458 765 2502 meo
792 2435 992 2512 defuerunt;
1027 2459 1133 2523 eaque
1161 2423 1319 2521 populus

260 2542 429 2606 Romanus
446 2563 514 2604 non
529 2527 640 2604 solum
656 2542 788 2626 plausu,
805 2541 981 2606 sedetiam
997 2543 1126 2629 gemitu
1142 2563 1204 2605 suo
1221 2563 1319 2606 eom-

260 2645 423 2730 probavit.
470 2645 595 2708 Utrum
612 2646 719 2730 igitur
741 2645 821 2710 haec
838 2645 1012 2730 Aesopum
1036 2647 1151 2730 potius.
1172 2667 1232 2730 pro
1259 2669 1318 2710 me

260 2757 320 2813 aut
335 2749 479 2812 Accium
494 2747 605 2812 dicere
630 2750 790 2832 oportuit,
807 2750 836 2814 si
859 2750 1005 2835 populus
1030 2750 1201 2814 Romanus
1224 2749 1320 2814 liber

260 2861 359 2928 esset,
376 2873 418 2915 au
434 2853 604 2937 principes
620 2853 795 2918 civitatis?
842 2853 1049 2918 Nominatim
1073 2875 1149 2918 sum
1165 2855 1319 2939 appella-

208 2971 238 3018 10
260 2966 315 3022 tus
331 2957 366 3020 in
383 2956 509 3021 Bruto:

190 3106 207 3129 “⁴
305 3097 1316 3182 Tullius,quilibertatemcivibusstabill-

205 3214 208 3229 '
1161 3212 1312 3269 verat.

187 3371 190 3376 -
261 3330 397 3398 Miliens
423 3339 619 3398 revocatum
649 3338 711 3397 est.
757 3331 926 3397 Parumne
954 3333 1132 3399 videbatur
1161 3315 1312 3418 populns

262 3438 431 3502 Romanus
447 3437 594 3502 iudicare
611 3437 646 3501 id
661 3459 681 3501 a
697 3459 750 3502 me
767 3444 802 3502 et
817 3459 836 3501 a
851 3445 970 3502 senatu
988 3460 1059 3503 esse
1072 3439 1310 3512 constitutum,

209 3557 238 3602 15
259 3540 352 3625 quod
375 3541 499 3626 perditi
527 3543 617 3607 cives
644 3542 817 3606 sublatum
843 3564 903 3626 per
929 3563 989 3606 nos
1021 3542 1312 3606 criminabantur?

189 3650 246 3710 lat
263 3646 452 3710 Maximum
468 3669 548 3712 vero
572 3647 689 3732 populi
714 3647 857 3710 Romani
881 3645 1044 3709 iudicium
1068 3647 1218 3712 universi
1235 3669 1311 3710 con·

261 3771 355 3814 sessu
385 3749 587 3836 gladiatorio
617 3750 824 3814 declaratum
851 3757 913 3815 est
960 3750 1043 3815 Erat
1069 3753 1156 3814 enim
1185 3773 1308 3815 munus

188 3856 196 3918 i
262 3851 428 3938 Scipionis
459 3853 602 3938 dignum
632 3859 667 3917 et
692 3874 732 3917 eo
760 3854 833 3938 ipso
860 3861 895 3918 et
921 3855 981 3918 illo
1010 3855 1051 3934 Q.
1079 3855 1229 3931 Metello,
1254 3857 1308 3919 cui
1367 3855 1368 3881 ³
