2800 4367
498 370 578 422 611.
603 370 660 433 os,
685 371 699 433 1
725 372 810 424 1611.
959 407 965 417 .
1188 356 1229 425 21

130 542 244 607 clusus
275 563 312 606 ao
344 541 539 607 debilitatus
571 541 684 606 subito
719 542 943 626 pertimuerit,
975 544 1179 608 sententiam

130 646 322 722 mutaverit,
339 645 525 711 deseruerit
547 668 635 723 suos,
653 647 834 710 consilium
858 646 938 711 belli
961 646 1107 711 faciendi
1127 648 1180 713 al>
1215 665 1231 710 s

130 750 246 814 iecerit
270 757 305 814 et
329 772 371 815 ex
394 750 458 815 hoc
481 772 582 815 cursu
606 749 741 815 sceleris
764 771 802 814 ac
821 750 902 815 belli
917 751 981 814 iter
996 750 1039 814 ad
1062 750 1180 839 fugam

130 860 234 939 atque·
256 854 291 916 in
319 855 461 918 exilium
484 855 699 930 converterit,
718 876 786 917 nou
812 853 870 918 ille
894 876 914 917 a
937 876 990 919 me
1015 855 1178 940 spoliatus

130 958 229 1021 armis
254 958 424 1036 audaciae,
447 980 514 1022 non
542 956 799 1044 obstupefactus
823 980 861 1022 ac
885 960 1082 1043 perterritus
1105 983 1179 1026 mea

130 1061 316 1148 diligentia,
333 1084 400 1127 non
424 1063 466 1127 de
490 1085 548 1147 spe
573 1071 765 1147 conatuque
782 1062 954 1147 depulsus,
971 1063 1032 1127 sed
1054 1064 1180 1129 indem-

130 1174 229 1231 natus
263 1166 425 1232 innocens
462 1168 498 1230 in
528 1168 668 1232 exilium
700 1167 828 1232 eiectus
866 1189 886 1231 a
915 1168 1052 1232 consule
1084 1171 1117 1233 vi
1144 1178 1179 1234 61
1202 1188 1230 1232 16

130 1270 228 1335 minis
252 1286 324 1335 esse
348 1270 500 1347 dicetur3
525 1279 560 1336 61
575 1278 684 1347 erunt,
702 1272 762 1355 qui
785 1270 892 1347 illum,
909 1272 938 1335 si
962 1272 1024 1335 hoc
1049 1271 1177 1350 fecerit,

129 1394 196 1437 non
219 1374 417 1459 improbum,
434 1375 493 1439 sed
516 1375 688 1451 miserum,
711 1397 764 1439 me
788 1397 856 1439 non
880 1375 1178 1462 diligentissimum

129 1478 380 1555 consulem,sed
390 1479 661 1544 crudelissimum
670 1480 1180 1565 tyrannumexistimarivelintl

118 1582 192 1646 ‘Est
221 1583 302 1646 mihi
325 1585 423 1660 tanti,
449 1583 609 1663 Quirites
635 1582 736 1654 huius
765 1582 911 1649 invidiae
940 1583 1044 1648 falsae
1071 1592 1174 1669 atque
1192 1590 1229 1651 15

128 1688 263 1771 iniquae
289 1695 523 1772 tempestatem
548 1688 668 1765 subire,
686 1687 768 1752 dum
792 1687 891 1752 modo
916 1710 936 1751 a
959 1688 1053 1752 vobis
1077 1688 1177 1753 huius
1202 1707 1230 1751 15

128 1790 295 1869 horribilis
312 1791 391 1856 belli
407 1814 444 1856 ac
462 1792 580 1856 nefarii
598 1792 786 1877 periculum
799 1791 997 1876 depellatur.
1037 1791 1180 1856 Dicatur

95 1968 100 1975 ‚
127 1916 207 1961 sane
240 1897 367 1961 eiectus
400 1919 471 1963 esse
502 1920 522 1961 a
553 1920 614 1974 1116,
643 1898 726 1961 (111111
757 1897 862 1970 modo
883 1904 939 1961 eat
965 1898 1001 1959 iu
1027 1898 1178 1964 exilium.

129 1999 205 2076 Sed,
219 2001 300 2064 mihi
316 2001 452 2077 credite,
471 2024 537 2065 non
555 2009 607 2065 est
622 2004 743 2066 iturus.
783 2001 978 2087 Numquam
994 2023 1057 2087 ego
1073 2001 1115 2064 ab
1127 2001 1178 2065 dis

128 2105 361 2169 inmortalibus
385 2106 520 2190 optabo,
542 2105 703 2186 Quirites,
729 2105 875 2172 invidiae
898 2127 990 2169 meae
1015 2105 1177 2170 levandae

128 2230 238 2285 causa,
256 2216 296 2273 ut
311 2209 349 2271 L.
367 2210 548 2273 Catilinam
566 2210 686 2274 ducere
705 2211 891 2274 exercitum
911 2210 1059 2273 hostium
1076 2218 1177 2293 atque
1201 2225 1232 2271 ao

127 2314 163 2375 in
188 2314 287 2377 armis
312 2314 451 2378 volitare
477 2314 632 2389 audiatis,
649 2312 710 2378 sed
735 2313 848 2377 triduo
873 2321 985 2378 tamen
1011 2314 1177 2390 audietis3

128 2418 304 2503 multoque
329 2418 436 2503 magis
462 2417 548 2481 illud
580 2419 691 2495 timeo,
719 2440 760 2481 ne
785 2418 868 2481 mihi
898 2419 943 2482 sit
973 2418 1178 2483 invidiosum

127 2520 320 2605 aliquando,
352 2521 444 2607 quod
475 2521 573 2585 illum
604 2523 771 2587 emiserim
802 2524 914 2606 potius
946 2544 1048 2607 quam
1086 2523 1178 2608 quod

127 2626 291 2690 eiecerim.
338 2624 405 2691 Sed
428 2648 505 2692 cum
528 2628 597 2691 sint
621 2627 782 2702 homines,
800 2628 859 2710 qui
881 2628 987 2703 illum,
1005 2648 1081 2691 cum
1108 2650 1178 2712 pro-

127 2728 238 2794 fectus
268 2730 322 2807 sit,
350 2732 494 2796 eiectum
525 2753 596 2796 esse
632 2730 755 2806 dicant,
787 2730 887 2806 idem,
917 2732 946 2794 si
977 2730 1177 2795 interfectus
1200 2748 1229 2793 25

127 2842 225 2910 esset,
251 2834 334 2919 quid
360 2834 536 2901 dicerent?
585 2834 799 2918 Quamquam
823 2835 889 2910 isti,
910 2834 970 2919 qui
992 2833 1173 2898 Catilinam
1192 2838 1230 2898 16

128 2936 313 3002 Massiliam
334 2939 381 3003 ire
407 2939 577 3016 dictitant,
595 2961 662 3003 non
687 2947 756 3002 tam
779 2938 841 3002 hoc
865 2946 1055 3023 queruntur
1077 2961 1176 3023 quam

128 3049 298 3107 verentur.
347 3043 455 3107 Nemo
472 3051 524 3108 est
539 3044 680 3109 istorum
698 3049 768 3106 tam
784 3043 980 3118 misericors,
996 3044 1056 3127 qui
1080 3044 1175 3106 illum

126 3168 194 3211 non
210 3147 253 3211 ad
270 3147 436 3211 Manlium
454 3169 556 3233 quam
572 3147 616 3211 ad
636 3146 865 3211 Massilienses
891 3148 939 3211 ire
962 3148 1067 3211 malit.
1114 3147 1177 3210 1116

125 3258 249 3328 61116111,
277 3252 306 3316 si
337 3252 525 3316 mehercule
554 3252 627 3328 hoc,
652 3250 745 3335 quod
767 3252 848 3338 agit,
873 3272 1057 3335 numquam
1080 3258 1178 3314 antea
1199 3267 1230 3311 so

126 3356 316 3441 cogitasset,
356 3364 468 3420 tamen
487 3342 491 3349 ’
512 3356 769 3420 latrocinantem
807 3377 843 3419 se
880 3350 1023 3419 interfici
1061 3355 1177 3417 mallet

127 3481 230 3543 quam
256 3459 392 3525 exulem
410 3462 533 3525 vivere.
582 3460 681 3523 Nunc
698 3482 787 3537 vcro,
805 3482 882 3524 cum
907 3459 939 3525 61
958 3458 1043 3521 1111111
1066 3458 1175 3521 adhuc

126 3555 258 3647 praeter
287 3566 392 3650 ipsius
423 3566 634 3629 voluntatem
673 3566 980 3651 cogitationemque
1006 3561 1175 3639 acciderit,

126 3669 191 3733 nisi
222 3669 313 3754 quod
343 3671 430 3735 vivis
462 3669 558 3736 nobis
587 3672 693 3735 Roma
723 3670 896 3755 profectus
929 3676 989 3744 est,
1022 3676 1175 3752 optemus

126 3774 249 3858 potius,
273 3782 313 3838 ut
335 3782 390 3839 eat
413 3776 447 3837 in
473 3777 623 3852 exilium,
649 3797 750 3860 quam
774 3796 962 3859 queramur.
1199 3788 1227 3831 35

170 3896 248 3943 vm.
273 3878 339 3943 sed
362 3901 423 3943 cur
445 3887 513 3944 tam
537 3879 596 3942 diu
619 3879 660 3943 de
684 3901 753 3942 uno
771 3879 865 3943 hoste
883 3878 1063 3963 loquimur,
1081 3875 1171 3940 etde
1190 3879 1226 3940 17
