2800 4367
365 370 421 420 nr.
445 369 549 431 κω
572 367 630 430 1-33
658 365 749 429 xva,
774 367 865 430 §1-2·

567 667 667 733 XVI.

470 843 529 900 (An
543 843 575 900 Q.
592 844 679 890 Fur.
696 855 715 890 1.
732 843 768 899 3.)

275 1006 427 1054 MARCUS
449 1006 587 1082 Qumro
610 1005 749 1052 FRATRI
772 1004 952 1054 SALUTEM.

83 1236 89 1242 ,
136 1167 185 1230 Mi
200 1166 313 1242 irater,
330 1166 376 1228 mi
393 1164 506 1241 irater,
523 1165 569 1228 mi
585 1162 699 1240 frater,
716 1171 797 1230 tune
822 1164 858 1230 id
881 1167 1009 1232 veritus
1033 1189 1078 1244 ee,
1095 1171 1166 1233 nel

87 1294 155 1356 ego
169 1269 341 1336 iracundia
355 1270 469 1353 aliqua
484 1267 652 1333 adductus
667 1289 789 1353 pueros
805 1269 848 1333 ad
864 1277 896 1335 te
920 1272 991 1336 sine
1015 1272 1138 1337 litteris

89 1375 262 1439 miserim?
284 1375 461 1438 autetiam
480 1379 579 1436 nete
606 1371 720 1438 videre
745 1374 933 1438 noluerim?
979 1375 1053 1462 Ego
1076 1375 1137 1440 tibi

89 1479 272 1544 irascerer?
294 1477 357 1543 tibi
373 1499 435 1564 ego
447 1497 579 1562 possem
595 1477 720 1552 irasci?
766 1477 911 1554 Scilicet,
926 1487 963 1542 tu
980 1481 1069 1544 enim
1085 1501 1137 1545 me

91 1582 257 1658 afflixisti3
281 1583 333 1646 tui
349 1603 401 1646 me
420 1581 557 1656 inimici,
574 1588 634 1644 tua
657 1602 709 1645 me
736 1581 871 1658 invidia,
888 1604 926 1647 ac
942 1605 1008 1647 non
1026 1606 1089 1671 ego
1105 1593 1138 1650 te
1176 1597 1191 1642 δ

92 1688 208 1752 misere
233 1685 375 1772 perdidi.
422 1685 521 1750 Meus
549 1686 608 1750 ille
639 1685 798 1750 laudatus
829 1689 1025 1754 consulatus
1056 1690 1137 1753 mihi

93 1801 138 1869 te,
154 1792 281 1869 liberos,
298 1791 451 1876 patriam,
468 1790 632 1867 fortunas,
646 1791 708 1856 tibi
726 1793 828 1856 velim
843 1814 885 1857 ne
905 1793 988 1878 qnid
1011 1796 1138 1879 eripue

95 1898 139 1960 rit
149 1905 276 1981 praeter
292 1917 399 1961 unum
412 1917 473 1960 me.
520 1894 587 1961 Sed
599 1904 693 1962 certe
707 1919 726 1960 a
739 1904 771 1961 te
784 1897 866 1960 mihi
882 1899 992 1963 omnia
1007 1919 1138 1984 semper

96 2000 229 2066 honesta
248 2009 286 2066 et
306 2000 455 2064 iucunda
479 2000 684 2075 ceciderunt,
700 2021 719 2064 a
737 1985 794 2066 'me
818 2001 879 2066 tibi
907 1997 1020 2067 luctus
1045 2025 1136 2068 meae

97 2106 299 2182 calamitatis,
324 2112 435 2169 metus
467 2112 555 2181 tuae,
579 2104 793 2180 desiderium,
818 2127 953 2182 maeror,
980 2107 1137 2172 solitudo.
1163 2120 1191 2166 10

98 2208 166 2296 Ego
186 2219 219 2276 te
244 2209 359 2276 videre
386 2209 575 2274 noluerim?
622 2209 728 2274 Immo
752 2231 830 2274 vero
857 2231 909 2276 me
932 2232 951 2274 a
975 2219 1007 2275 te
1031 2211 1137 2276 videri

99 2317 205 2392 nolni3
228 2337 298 2380 non
314 2316 403 2380 enim
419 2313 560 2379 vidisses
576 2313 712 2378 lintrem
730 2320 837 2390 tuum,
855 2336 922 2378 non
938 2337 1025 2388 eum,
1036 2337 1138 2400 quem

100 2420 283 2505 reliqueras,
300 2441 368 2492 non
384 2438 473 2494 eum,
490 2440 592 2503 quem
615 2439 721 2494 noras,
740 2440 807 2482 non
830 2440 918 2495 eum,
937 2442 1039 2504 quem
1054 2419 1137 2486 flens

101 2522 234 2601 flentem,
250 2532 510 2610 prosequentem
538 2523 751 2609 proficiscens
775 2522 957 2601 dimiseras,
975 2547 1015 2589 nc
1039 2527 1138 2591 vesti·

102 2629 185 2714 ginm
205 2628 344 2716 quidem
370 2629 443 2693 eius
470 2650 532 2693 nec
558 2628 785 2701 simulacrum,
803 2628 862 2692 sed
887 2629 1056 2712 quandam
1072 2630 1138 2695 effi·
1162 2644 1189 2688 15

103 2727 180 2817 giem
203 2734 361 2819 spirantis
392 2734 525 2796 mortui.
574 2732 691 2815 Atque
724 2733 853 2796 utinam
884 2754 936 2796 me
967 2741 1137 2798 mortuum

104 2839 183 2919 prius
198 2838 338 2903 vidisses
354 2845 415 2901 aut
428 2835 599 2902 audisses!
625 2837 754 2900 utinam
771 2843 803 2900 te
821 2857 887 2899 non
910 2837 1019 2900 solum
1038 2839 1136 2913 vitae,

38 3000 39 3005 ,
105 2941 153 3004 sed
179 2943 279 3006 ctiam
309 2941 485 3027 dignitatis
523 2962 614 3005 meae
652 2941 871 3024 superstitem
908 2941 1136 3025 reliquissem?

107 3041 161 3108 Sed
182 3054 287 3110 testor
308 3067 423 3110 omnes
447 3045 526 3110 deos
549 3067 601 3108 me
625 3044 687 3108 hac
704 3065 771 3108 una
787 3065 869 3108 voce
893 3066 912 3108 a
935 3054 1040 3110 morte
1068 3068 1139 3112 esse
1163 3051 1182 3112 2

107 3158 294 3226 revocatum,
314 3149 406 3234 qnod
433 3171 546 3214 omnes
572 3150 607 3210 in
636 3170 708 3212 mea
736 3149 807 3214 vita
834 3158 961 3232 partem
992 3151 1138 3235 aliquam
1163 3164 1192 3208 ao

38 3324 39 3327 Ἴ
107 3261 172 3318 tuae
192 3256 281 3319 vitae
302 3255 481 3338 repositam
503 3275 574 3317 esse
598 3252 772 3317 dicebant:
798 3275 866 3338 qua
888 3254 922 3316 in
944 3275 978 3317 re
1002 3257 1138 3338 peccavi

108 3358 320 3443 scelerateque
337 3357 424 3432 ieci3
448 3379 535 3432 nam,
551 3358 580 3421 si
604 3356 809 3433 occidissem,
827 3379 913 3422 mors
938 3359 1010 3442 ipsa
1032 3380 1138 3423 meam

38 3454 39 3457 ’
109 3459 250 3540 pietatem
264 3482 477 3546 amoremque
494 3462 529 3546 in
545 3469 578 3525 te
591 3460 688 3525 facile
706 3459 921 3526 defenderet:
948 3484 1038 3527 nune
1054 3484 1139 3528 com-

110 3565 179 3642 misi,
194 3575 233 3630 nt
253 3588 305 3630 me
328 3567 407 3630 vivo
430 3587 568 3641 careres,
585 3566 664 3629 vivo
688 3587 739 3629 me
767 3567 841 3629 aliis
869 3566 1046 3653 indigeres
1064 3590 1136 3632 mea

110 3687 165 3730 vox
178 3670 212 3732 in
227 3670 417 3734 domesticis
433 3670 591 3754 periculis
618 3671 830 3753 potissimum
858 3671 1035 3748 occideret,
1053 3694 1138 3756 quae
1162 3684 1191 3729 25

111 3791 192 3856 saepe
212 3775 421 3840 alienissimis
444 3774 608 3858 praesidio
632 3772 763 3838 fuisset.
810 3775 905 3852 Nam,
923 3776 1015 3860 quod
1037 3776 1080 3840 ad
1103 3785 1137 3842 te

112 3879 190 3957 pueri
205 3880 273 3946 sine
297 3880 419 3944 litteris
444 3887 618 3953 venerunt,
636 3881 793 3963 qnoniam
819 3880 911 3946 vides
939 3903 1005 3944 non
1033 3881 1137 3948 fnisse
