2800 4367
477 331 557 381 car.
581 332 670 393 raas,
695 331 813 394 §cana
1154 319 1219 384 219

109 499 200 564 diem
227 501 319 564 dixit
345 507 381 565 et
406 503 579 566 accusavit
601 501 643 566 de
672 504 705 568 vi
732 502 919 568 Milonem?
964 503 1084 591 Neque
1112 505 1165 570 hic

108 614 228 670 tamen
254 606 328 669 ulla
359 627 519 691 umquam
551 607 673 670 iniuria
704 605 902 682 adducetur,
931 615 971 672 ut
1001 629 1078 673 eum
1105 610 1166 673 tali

109 710 242 774 virtute
276 717 442 794 tantaque
467 710 625 774 firmitate
650 711 754 773 animi
781 732 815 774 se
841 710 876 772 in
902 733 970 775 rem
999 711 1166 796 publicam

108 812 219 877 fuisse
252 815 427 898 paeniteat
435 837 444 888 ;
479 813 539 877 sed
569 814 629 896 qui
659 813 741 876 haec
774 813 892 878 vident
921 813 1165 894 adulescentes
1204 832 1219 877 ῡ

108 940 262 1001 quonam
281 939 360 981 suas
378 925 506 981 mentes
531 916 731 983 conferent?
776 917 848 993 Ille,
866 919 926 1002 qui
950 929 1166 985 monumenta

108 1022 262 1104 publica,
290 1023 349 1106 qui
373 1020 471 1086 aedes
494 1041 614 1096 sacras,
639 1021 697 1105 qui
725 1020 839 1086 domos
865 1022 1076 1088 inimicorum
1092 1046 1166 1089 suo-

73 1137 77 1142 '
109 1149 185 1189 rum
211 1128 437 1212 oppugnavit,
454 1124 590 1201 excidit,
607 1124 768 1201 incendit,
785 1126 845 1210 qui
868 1127 1013 1211 stipatus
1036 1151 1166 1213 semper

108 1233 252 1307 sicariis,
282 1239 420 1315 saeptus
447 1231 592 1305 armatis
612 1231 764 1294 munitus
791 1229 957 1295 indicibus
985 1230 1061 1308 fuit,
1086 1255 1166 1317 quo-

110 1358 186 1398 rum
204 1335 309 1399 hodie
333 1335 430 1419 copia
452 1333 630 1410 redundat,
648 1334 708 1418 qui
732 1342 767 1398 et
792 1336 1002 1420 peregrinam
1030 1357 1165 1400 manum
1191 1353 1219 1398 10

110 1438 382 1504 facinerosorum
399 1439 582 1503 concitavit
606 1445 642 1502 et
663 1459 778 1502 servos
803 1438 844 1502 ad
868 1438 1000 1503 caedem
1029 1440 1165 1505 idoneos

111 1544 197 1607 emit
211 1552 251 1608 et
267 1544 301 1605 in
318 1542 494 1607 tribunatu
510 1563 674 1608 carcerem
701 1550 811 1606 totum
834 1543 869 1604 in
895 1542 1005 1607 iorum
1032 1543 1164 1620 effudit,

111 1649 238 1711 volitat
262 1647 390 1723 aedilis
414 1656 550 1711 accusat
572 1668 660 1722 cum,
683 1647 743 1730 qui
770 1647 884 1731 aliqua
909 1668 950 1712 ex
975 1657 1069 1733 parte
1094 1651 1165 1714 eius

113 1751 265 1816 furorem
286 1751 496 1815 exultantem
522 1752 699 1835 repressit3
724 1750 788 1827 hic,
813 1752 870 1835 qui
897 1773 931 1816 se
957 1760 1009 1816 est
1034 1760 1166 1818 tutatus

113 1857 171 1932 sic,
200 1857 301 1920 utin
325 1856 456 1939 privata
479 1877 514 1920 re
538 1854 619 1919 deos
642 1856 773 1939 penatis
795 1876 884 1931 suos
909 1857 944 1919 in
969 1879 1002 1921 re
1034 1857 1168 1941 publica
1192 1875 1219 1918 15

113 1960 188 2024 iura
228 1959 424 2024 tribunatus
453 1967 556 2044 atque
587 1960 737 2043 auspicia
768 1957 973 2036 defenderet,
1011 1982 1165 2026 accusare

115 2087 191 2128 eum
210 2062 393 2139 moderate,
410 2085 514 2149 aquo
539 2064 609 2147 ipse
632 2062 759 2127 nefarie
785 2072 974 2140 accusatur,
992 2087 1050 2148 per
1074 2087 1167 2129 sena-

116 2177 172 2233 tus
197 2169 432 2233 auctoritatem
465 2190 532 2232 non
563 2175 615 2232 est
643 2169 739 2231 situs.
787 2167 953 2232 Nimirum
985 2169 1047 2234 hoc
1078 2171 1164 2232 illud
1180 2170 1219 2230 96

116 2282 178 2349 est,
207 2272 300 2357 quod
326 2272 367 2337 de
395 2294 446 2337 me
470 2263 683 2357 potissimum
710 2279 747 2335 tu
772 2273 807 2334 in
830 2274 1040 2337 accusatione
1068 2295 1166 2357 quae-

116 2380 201 2455 sisti,
227 2399 315 2462 quae
341 2386 429 2441 esset
454 2385 567 2441 nostra
593 2377 704 2440 ‘natio
730 2376 983 2460 optimatiumz’
1008 2378 1055 2441 sic
1079 2379 1167 2440 enim
1191 2395 1220 2439 20

118 2482 246 2546 dixisti.
294 2481 379 2545 Rem
396 2482 529 2565 quaeris
545 2481 749 2565 praeclaram
775 2480 946 2544 iuventuti
971 2480 1012 2543 ad
1038 2480 1166 2556 discen-

118 2584 200 2648 dum
214 2606 275 2648 nec
291 2583 373 2646 mihi
386 2582 556 2648 difficilem
569 2583 612 2647 ad
621 2583 870 2667 perdocendum
886 2608 893 2658 ;
910 2583 951 2647 de
970 2605 1036 2667 qua
1049 2605 1164 2667 pauca,

119 2688 258 2763 iudices,
281 2687 400 2764 dicam,
426 2696 471 2763 et,
488 2695 527 2751 ut
550 2686 701 2763 arbitror,
719 2709 780 2751 nec
803 2686 844 2750 ab
867 2688 1016 2751 utilitate
1041 2709 1165 2764 eorum,

120 2794 179 2876 qui
207 2792 357 2868 audient,
385 2813 446 2856 nec
473 2791 516 2854 ab
542 2790 651 2855 officio
678 2799 791 2855 vestro
819 2812 879 2855 nec
905 2781 946 2854 ab
970 2792 1041 2874 ipsa
1064 2813 1165 2858 causa

122 2895 160 2958 P.
177 2895 264 2961 Sesti
280 2895 471 2960 abhorrebit
486 2896 591 2959 oratio
604 2917 686 2960 mea.
1191 2911 1220 2954 25

164 3018 249 3065 xnv.
278 3000 356 3064 Duo
386 3022 510 3086 genera
539 3021 669 3084 semper
698 3001 733 3062 in
766 2999 827 3063 hac
858 2999 995 3063 civitate
1027 2998 1166 3064 fuerunt

31 3128 32 3159 1
123 3127 245 3182 eorum,
258 3105 319 3190 qui
335 3106 459 3168 versari
476 3105 511 3167 in
527 3126 562 3168 re
578 3103 715 3188 publica
730 3111 833 3187 atque
850 3104 884 3165 in
901 3124 939 3166 ea
955 3125 989 3167 se
1003 3104 1167 3168 excellen-

31 3234 32 3243 ’
71 3255 74 3263 ·
123 3210 189 3274 tius
205 3231 321 3296 gerere
345 3208 570 3283 studuerunt3
595 3208 718 3292 quibus
742 3229 783 3271 ex
807 3207 986 3294 generibus
1010 3208 1105 3271 alteri
1129 3230 1164 3271 se

124 3315 309 3398 populares
327 3313 423 3376 alteri
443 3320 632 3397 optumates
650 3319 685 3375 et
700 3311 811 3374 haberi
829 3318 863 3375 et
886 3333 956 3375 esse
975 3312 1165 3376 voluerunt.

31 3428 32 3435 ’
112 3415 190 3512 lQui
214 3439 263 3493 ea,
289 3439 374 3501 quae
398 3416 568 3481 faciebant
585 3437 739 3500 quaeque
764 3415 929 3492 dicebant,
956 3415 1169 3479 multitudini
1207 3433 1221 3477 5

31 3541 32 3597 r
114 3518 272 3604 'iucunda
301 3521 461 3586 volebant
491 3543 574 3596 esse,
602 3521 791 3604 populares,
824 3521 882 3603 qui
913 3527 1027 3585 autern
1059 3522 1106 3585 ita
1128 3541 1164 3583 se

31 3614 34 3684 l
118 3626 292 3711 ngerebant,
324 3634 364 3688 ut
392 3647 454 3690 sua
483 3625 622 3689 consilia
661 3632 799 3709 optumo
825 3625 947 3708 cuique
979 3624 1166 3710 probarent,

31 3752 34 3819 j
121 3738 313 3814 optumates
338 3729 553 3794 habebantur.
603 3729 688 3807 Quis
706 3750 784 3814 ergo
809 3728 874 3791 iste
903 3736 1061 3812 optumus
1079 3727 1165 3813 quis·
1181 3723 1220 3782 9'7

34 3828 36 3904 Ῐ
125 3816 214 3919 bue?
262 3833 421 3911 Numero,
438 3816 466 3898 si
489 3835 632 3918 quaeris,
648 3831 908 3896 innumerabiles
927 3836 1056 3918 (neque
1081 3831 1167 3896 enim
