2800 4367
466 342 547 393 cnr.
572 342 699 404 acccc
727 341 816 394 uer.
1155 329 1218 394 215

119 514 217 578 nullo
231 515 378 600 praemio
393 515 564 600 proposito
575 522 706 598 praeter
718 514 791 591 hoc,
803 513 895 599 quod
906 515 972 578 iam
986 515 1168 580 contritum

118 626 152 681 et
174 625 405 703 contemptum
433 626 582 702 putatur,
601 618 761 682 iudicium
779 617 942 682 bonorum
959 620 1069 684 omnia
1085 621 1168 704 peri·
1204 637 1219 682 n

117 722 205 798 cula,
221 744 370 786 summos
396 722 538 798 labores
556 722 771 809 gravissimas
800 724 1033 788 contentiones
1060 725 1167 787 inimi-

35 810 36 823 *
117 825 283 912 citiasque
309 827 469 911 suscepit,
485 827 545 911 qui
573 826 656 889 mihi
684 847 773 890 unus
801 848 842 891 ex
866 827 1020 892 omnibus
1036 828 1166 894 civibus

34 970 36 1013 3
118 928 315 995 videturne
343 929 505 1007 docuisse,
534 952 601 994 non
634 929 754 1008 verbis,
783 937 818 994 et
845 931 930 1015 quid
957 925 1166 1016 oportereta

34 1024 35 1049 ¹
117 1034 366 1118 praestantibus
382 1035 464 1100 viris
479 1036 515 1098 in
538 1056 573 1099 re
603 1033 739 1120 publica
766 1035 836 1099 fieri
863 1035 1005 1121 etquid
1032 1058 1166 1102 necesse

116 1147 215 1217 esset,
232 1147 386 1225 oportere
402 1140 576 1204 hominum
592 1139 770 1203 audacium
798 1161 989 1204 eversorum
1016 1141 1064 1206 rei
1089 1141 1169 1226 pub
1191 1155 1220 1200 10

116 1244 199 1309 licae
208 1244 334 1309 sceleri
348 1243 482 1330 legibus
504 1251 540 1309 et
568 1243 702 1307 iudiciis
729 1244 905 1320 resistere;
929 1245 959 1308 si
981 1237 1072 1331 leges
1098 1267 1166 1310 non

117 1349 277 1427 valerent,
293 1348 419 1414 iudicia
442 1371 510 1414 uon
533 1356 655 1424 essent,
671 1349 700 1412 si
723 1369 774 1412 res
791 1347 924 1432 publica
940 1350 974 1413 vi
991 1370 1168 1414 consensu-

116 1474 184 1537 que
209 1452 388 1518 audacium
416 1454 517 1518 armis
544 1473 701 1537 oppressa
731 1459 910 1528 teneretur,
938 1453 1102 1538 praesidio
1132 1462 1168 1518 ct

115 1557 222 1642 copiis
249 1556 387 1622 defendi
415 1558 522 1622 vitam
548 1563 584 1621 et
605 1555 792 1620 libertatem
812 1577 945 1621 necesse
962 1578 1043 1621 esse.
1090 1556 1165 1621 Hoc

114 1662 241 1726 sentire
258 1660 458 1746 prudentiae
474 1670 536 1737 est,
549 1659 659 1725 iacere
671 1659 893 1737 fortitudinis,
907 1668 942 1725 et
953 1662 1077 1726 sentire
1088 1683 1166 1726 vero
1191 1681 1219 1725 15

115 1774 149 1830 et
178 1764 289 1830 facere
315 1765 482 1850 perfectae
511 1765 770 1849 cumulataeque
798 1765 945 1830 virtutis.
1004 1763 1103 1829 Adiit
1124 1766 1167 1830 ad
1179 1771 1219 1833 87

115 1893 186 1935 rem
202 1870 371 1956 publicam
384 1870 539 1935 tribunus
549 1870 594 1955 pl.
608 1869 746 1933 Milo-
760 1868 820 1954 (de
834 1870 930 1934 cuius
945 1869 1046 1934 laude
1069 1871 1167 1954 plura

114 1974 237 2052 dicam,
254 1997 321 2038 non
337 1996 406 2060 quo
419 1982 481 2039 aut
496 1975 566 2059 ipse
581 1974 662 2038 haec
679 1973 747 2038 dici
758 1995 860 2059 quam
873 1975 1056 2039 existimari
1071 1976 1167 2040 malit

113 2087 178 2143 aut
188 2101 251 2166 ego
262 2078 470 2144 hunelaudis
480 2078 630 2143 fructum
644 2080 811 2163 praesenti
823 2077 967 2143 libenter
979 2080 1166 2164 inpertiam,

113 2185 397 2268 praesertimcum
407 2184 517 2250 verbis
527 2184 689 2268 consequi
698 2205 765 2246 non
774 2184 906 2268 possim,
916 2183 975 2248 sed
983 2183 1074 2268 quod
1082 2185 1167 2249 exis-
1188 2200 1219 2246 ao

113 2290 208 2364 timo,
229 2289 258 2352 si
281 2288 419 2353 Milonis
443 2309 575 2353 causam
598 2288 802 2352 accusatoris
825 2309 906 2352 voce
931 2286 1164 2352 conlaudatam

112 2393 266 2477 probare,
283 2415 344 2458 vos
359 2394 392 2456 in
410 2393 472 2457 hoc
488 2393 626 2457 crimine
642 2414 755 2477 parem
776 2392 865 2458 Sesti
893 2414 1026 2457 causam
1054 2394 1166 2457 existi-

112 2499 285 2581 maturos)
304 2497 388 2562 adiit
403 2498 508 2584 igitur
524 2497 564 2560 Τ.
581 2496 717 2562 Annius
733 2495 776 2560 ad
792 2519 924 2562 causam
941 2499 988 2561 rei
1012 2496 1163 2582 publicae

112 2603 173 2677 sic,
190 2611 232 2665 ut
246 2604 353 2668 civem
376 2604 502 2687 patriae
526 2623 722 2687 recuperare
748 2602 852 2666 vellet
874 2610 1036 2686 ereptum.
1083 2601 1165 2666 Sim-

113 2708 194 2790 plex
210 2728 320 2783 causa,
337 2714 493 2771 constans
517 2706 612 2781 ratio,
629 2707 729 2790 plena
752 2707 979 2771 consensionis
1003 2708 1163 2783 omnium,
1186 2723 1216 2768 as

98 2810 216 2894 ‘plena
242 2810 448 2876 concordiae.
507 2810 663 2895 Collegae
689 2802 860 2875 adiutores
891 2811 1053 2886 habebat3
1089 2834 1164 2876 con·

112 2915 197 2978 sulis
214 2914 353 2979 alterius
369 2937 538 2980 summum
561 2915 722 2990 studium,
740 2916 879 2980 alterius
904 2918 1034 2980 animus
1058 2937 1162 3000 paene

113 3019 277 3102 placatus,
305 3019 348 3084 de
373 3018 581 3104 praetoribus
612 3040 701 3082 unus
732 3020 873 3095 alienus
900 3029 1036 3084 senatus
1059 3021 1163 3084 incre-

114 3123 229 3187 dibilis
244 3125 412 3201 voluntas,
430 3125 585 3208 equitum
602 3124 828 3188 Romanorum
847 3125 949 3188 animi
966 3124 1008 3188 ad
1027 3146 1161 3188 causam

114 3227 262 3303 excitati,
286 3236 398 3292 erecta
428 3227 536 3292 Italia.
583 3227 662 3291 Duo
685 3228 748 3290 soli
780 3234 876 3292 erant
906 3230 1011 3313 empti
1041 3228 1084 3292 ad
1107 3229 1165 3290 im·
1186 3241 1216 3286 cc

114 3329 336 3413 pediendum3
360 3332 465 3416 quisi
482 3331 633 3394 homines
651 3330 801 3414 despecti
825 3339 860 3396 et
882 3332 1068 3415 contempti
1091 3338 1162 3394 tan-

114 3442 182 3497 tam
212 3457 280 3500 rem
308 3435 475 3499 sustinere
502 3456 569 3498 non
600 3435 802 3518 potuissent,
825 3457 860 3499 se
891 3456 1034 3509 causam,
1059 3455 1161 3519 quam

114 3545 317 3623 susceperat,
338 3540 434 3602 nullo
456 3538 568 3603 labore
592 3546 807 3623 peracturum
832 3538 977 3604 videbat.
1025 3538 1159 3625 Agebat

114 3643 325 3720 auctoritate,
342 3642 465 3730 agebat
487 3642 637 3719 consilio,
654 3642 776 3729 agebat
800 3665 858 3728 per
883 3664 1052 3707 summum
1076 3641 1160 3705 ordi-

115 3768 201 3822 nem,
218 3747 339 3834 agebat
354 3748 509 3832 exemplo
525 3746 688 3811 bonorum
705 3745 895 3810 anfortium
913 3747 1038 3813 civium
1053 3772 1060 3823 ;
1078 3743 1160 3831 quid
1181 3757 1211 3802 3⁵

115 3849 309 3936 republica,
326 3850 412 3937 qnid
425 3872 462 3916 se
478 3850 620 3937 dignum
644 3857 743 3926 esset,
760 3851 836 3934 quis
862 3852 931 3935 ipse
953 3859 1051 3929 esset,
1075 3846 1158 3936 quid
