2800 4367
179 362 219 425 16
449 374 590 426 onario
614 376 654 426 m
677 373 890 425 carloman
914 372 1042 424 rarus.

227 556 424 632 prostratus,
453 547 613 628 Quintae,
642 558 677 613 et
702 570 738 613 se
763 548 955 632 perculsum
979 553 1087 631 atque
1120 541 1303 607 abiectum

227 672 298 717 esse
319 653 424 718 sentit
445 660 479 716 et
498 659 671 737 retorquet
689 651 805 716 oculos
826 649 978 736 prolecto
998 670 1104 735 saepe
1136 644 1189 710 ad
1215 644 1304 707 hauc

228 757 353 834 urbem,
373 777 473 841 quam
491 779 507 820 e
524 757 595 820 suis
612 755 766 820 faucibus
783 762 933 841 ereptam
953 776 1026 820 esse
1049 754 1184 840 luget3
1212 769 1303 835 quae
1388 835 1389 850 χ

175 876 204 921 25
227 861 364 946 quidem
389 861 470 924 mihi
494 861 610 925 laetari
627 858 772 937 videtur,
789 858 882 945 quod
902 866 1030 925 tantam
1052 864 1203 945 pestem
1226 873 1304 919 evo

228 966 349 1030 muerit
364 965 520 1049 forasque
543 965 729 1049 proiecerit.

189 1071 208 1133 3
267 1086 305 1131 11.
330 1069 381 1132 Ac
400 1070 428 1133 si
452 1070 528 1153 quis
553 1075 605 1133 est
625 1068 712 1146 talis,
732 1069 849 1154 quales
870 1090 942 1134 esse
961 1091 1075 1135 omnes
1091 1064 1302 1154 oportebat

226 1175 286 1258 qui
311 1175 346 1237 iu
371 1173 433 1238 hoc
458 1176 540 1258 ipse,
572 1176 607 1237 iu
638 1196 706 1259 quo
734 1175 868 1239 exultat
892 1182 928 1239 et
954 1174 1146 1260 triumphat
1184 1168 1302 1235 oratio
1388 1157 1390 1164 '

226 1299 308 1355 mea,
339 1300 390 1342 me
429 1278 643 1343 vehementer
680 1287 825 1355 accuset,
864 1278 955 1364 quod
993 1286 1063 1344 tam
1100 1273 1301 1361 capitalem
1388 1327 1389 1338 ,

225 1383 356 1447 hostem
386 1405 453 1447 non
484 1384 791 1469 comprehenderim
822 1386 935 1468 potius
967 1405 1069 1469 quam
1099 1378 1299 1450 emiserim,

190 1501 203 1546 5
226 1509 293 1551 non
309 1494 361 1552 est
376 1489 441 1551 ista
457 1509 530 1551 mea
546 1488 654 1573 culpa,
670 1486 831 1567 Quirites
848 1488 908 1552 sed
925 1497 1122 1572 temporum.
1176 1485 1299 1550 Inter·

225 1592 352 1657 fectum
382 1613 453 1657 esse
482 1592 518 1654 L.
544 1591 725 1656 Catilinam
747 1601 782 1657 et
807 1594 1005 1679 gravissimo
1030 1592 1205 1678 supplicio
1237 1584 1298 1651 ad-

225 1696 351 1760 fectum
389 1697 454 1759 iarn
492 1695 620 1780 pridem
659 1696 843 1781 oportebat,
877 1695 978 1781 idque
1008 1717 1028 1759 a
1058 1717 1109 1760 me
1141 1703 1178 1760 et
1214 1711 1295 1756 mos

226 1801 387 1864 maiorum
425 1807 459 1863 et
497 1800 597 1864 huius
635 1802 766 1885 imperii
801 1801 962 1865 severitas
993 1808 1028 1864 et
1058 1821 1110 1864 res
1142 1797 1294 1884 publica

224 1903 425 1989 postulabat.
472 1902 538 1969 Sed
555 1926 655 1988 quam
676 1905 801 1969 multos
821 1904 925 1969 fuisse
948 1905 1085 1989 putatis,
1103 1905 1173 1988 qui,
1191 1920 1291 1989 quae

174 2027 202 2071 10
224 2030 286 2094 ego
310 2007 483 2084 deferrem,
508 2030 575 2072 non
599 2008 782 2085 crederent,
809 2031 909 2095 quam
934 2011 1067 2084 multoS,
1091 2010 1150 2093 qui
1174 2009 1289 2073 etiam

225 2112 463 2177 defenderent!
511 2114 572 2189 Ac,
596 2115 625 2177 si
649 2114 708 2177 illo
731 2114 863 2177 sublato
887 2112 1008 2197 depelli
1031 2136 1050 2175 a
1067 2112 1160 2177 vobis
1178 2131 1286 2177 omne

224 2218 412 2303 periculum
443 2217 635 2293 iudicarem,
667 2218 732 2281 iam
763 2216 892 2302 pridem
930 2239 992 2303 ego
1024 2217 1062 2279 L.
1094 2217 1288 2282 Catilinam

224 2343 290 2385 nou
315 2320 412 2384 modo
438 2320 583 2385 invidiae
608 2342 713 2397 meae,
740 2343 857 2385 verum
883 2322 982 2386 etiam
1009 2322 1097 2385 vitae
1126 2322 1283 2405 periculo

187 2425 441 2490 4sustulissem.
488 2423 554 2489 Sed
579 2446 655 2489 cum
681 2424 839 2502 viderem,
867 2447 908 2489 ne
933 2426 1028 2491 vobis
1049 2425 1185 2510 quidem
1211 2448 1282 2489 om-

188 2546 215 2590 15
231 2528 330 2592 nibus
349 2550 384 2614 re
406 2530 603 2593 etiamtum
625 2529 764 2614 probata
784 2532 813 2595 si
837 2530 944 2607 illum,
970 2538 1009 2595 ut
1033 2536 1105 2594 erat
1125 2531 1277 2606 meritus,

223 2639 328 2697 morte
352 2633 554 2709 multassem,
580 2632 650 2698 fore
675 2642 714 2698 ut
730 2636 802 2699 eius
824 2636 931 2699 socios
952 2634 1078 2699 invidia
1097 2656 1276 2719 oppressus

223 2738 379 2823 persequi
405 2757 472 2799 non
498 2758 638 2822 possem,
662 2760 731 2803 rem
750 2738 815 2803 huc
841 2738 978 2815 deduxi,
1004 2747 1044 2803 ut
1066 2746 1139 2803 tum
1164 2740 1275 2823 palam

223 2863 372 2927 pugnare
394 2842 546 2925 possetiS,
570 2864 646 2906 cum
670 2844 801 2907 hostem
817 2853 931 2928 aperte
950 2843 1117 2908 videretis
1165 2842 1275 2922 Quem

223 2945 360 3030 quidem
387 2967 449 3031 ego
474 2945 614 3023 hostem,
640 2946 801 3026 Quirites,
828 2970 929 3033 quam
955 2949 1170 3014 vehementer
1194 2948 1274 3012 foris

171 3066 200 3111 20
230 3072 300 3115 esse
331 3048 520 3115 timendum
550 3058 676 3135 putem,
708 3052 789 3116 licet
819 3051 897 3117 hinc
934 3053 1149 3139 intellegatis
1183 3052 1274 3137 quod

143 3143 150 3154 ¹
223 3155 322 3220 etiam
354 3154 441 3218 illud
465 3155 603 3220 moleste
631 3155 712 3231 fero,
741 3155 833 3241 quod
858 3178 899 3221 ex
931 3156 1011 3221 urbe
1038 3178 1155 3241 parum
1177 3156 1275 3219 comi·

223 3266 313 3321 tatus
341 3258 471 3322 exierit.
519 3257 658 3323 Utinam
688 3259 746 3324 ille
778 3260 885 3325 omnis
916 3268 1030 3325 secum
1059 3282 1135 3324 suas
1163 3259 1273 3343 copias

223 3360 414 3426 eduxisset!
463 3362 659 3449 Tongilium
689 3364 770 3428 mihi
802 3364 932 3439 eduxit,
965 3386 1065 3448 quem
1097 3382 1206 3425 amare
1238 3361 1272 3421 in

222 3472 396 3550 praetexta
426 3475 589 3551 coeperat,
617 3468 811 3533 Publicium
837 3475 872 3533 et
902 3468 1100 3541 Minucium,
1130 3482 1272 3547 qnorum

171 3584 200 3629 25
222 3590 277 3633 aes
302 3570 449 3634 alienum
481 3579 692 3637 contractum
723 3574 758 3635 in
789 3573 912 3657 popina
938 3570 1072 3633 nullum
1095 3569 1142 3631 rei
1166 3563 1272 3649 publi-

223 3694 279 3737 cae
325 3681 454 3757 motum
499 3674 628 3740 adferre
673 3683 826 3761 poterat3
873 3674 1011 3759 reliquit
1049 3694 1134 3758 quos
1173 3670 1271 3744 viros,

223 3785 351 3861 quanto
389 3800 464 3844 aere
503 3779 621 3856 alieno,
662 3801 763 3864 quam
801 3779 954 3853 valentis
992 3800 1094 3863 quam
1129 3770 1269 3840 nobilisl

186 3884 274 3947 5111.
299 3881 420 3969 Itaque
451 3904 512 3969 ego
543 3884 639 3947 illum
661 3884 848 3968 exereitum
878 3904 955 3971 prae
984 3882 1168 3951 Gallicanis
1194 3879 1271 3965 legi-
