2800 4367
171 304 236 370 324
291 392 294 400 ,
461 315 534 366 rao
557 313 704 365 arcura
726 313 848 364 roura
871 311 1026 364 Harma.

224 485 400 558 Tenedum
434 506 549 572 pugna
581 483 641 558 illa
676 483 815 560 navalis,
846 490 961 548 nostra
997 489 1080 552 sunt
1118 490 1271 572 tropaea,

225 600 340 659 nostra
369 595 596 664 monumenta,
629 589 734 652 nostri
767 587 940 674 triumphi.
987 585 1084 669 Quae
1125 610 1274 674 quorum

225 695 370 779 ingeniis
394 692 598 768 ecferuntur,
625 691 667 761 ab
692 692 734 756 iis
765 691 882 778 populi
906 691 1049 758 Romani
1070 690 1160 760 fama
1187 693 1273 758 ocle-

170 805 211 867 22
225 800 350 868 brarur.
396 796 503 862 Carus
527 795 596 861 fuit
620 794 785 864 Africano
809 795 973 882 superiori
996 801 1109 866 noster
1125 796 1271 872 Ennius,

170 920 199 965 35
222 907 335 990 itaque
349 883 464 970 'etiam
492 901 528 964 in
552 900 709 984 sepulcro
738 898 933 984 Scipionum
964 906 1107 988 putatur
1136 902 1164 966 is
1195 923 1270 966 esse

225 1008 430 1072 constitutus
440 1027 483 1071 ex
495 1026 680 1080 marmore3
697 1003 794 1070 cuius
804 1001 961 1069 laudibus
977 1012 1067 1068 certe
1079 1026 1146 1071 uon
1158 1005 1269 1071 solum

229 1112 310 1199 ipse,
335 1111 393 1194 qui
417 1108 585 1184 laudatur,
615 1107 676 1172 sed
707 1108 808 1174 etiam
834 1109 950 1195 populi
977 1109 1119 1176 Romani
1145 1131 1268 1174 nomen

118 1291 122 1299 ¹
223 1222 370 1282 ornatur.
417 1212 458 1277 ln
474 1212 603 1277 caelum
622 1211 724 1276 huius
742 1232 886 1304 proavus
905 1211 990 1278 Cato
1006 1213 1156 1290 tollitur;
1180 1235 1270 1300 mag·

147 1384 153 1392 ,
225 1341 289 1386 000
313 1318 418 1382 honos
441 1317 559 1400 populi
583 1316 726 1382 Romani
754 1315 852 1382 rebus
884 1315 1090 1402 adiungitur.
1141 1317 1268 1384 Omnes

169 1439 200 1484 40
221 1422 368 1508 denique
385 1420 434 1484 illi
453 1420 605 1496 Maximi,
619 1419 781 1496 Marcelli,
795 1419 909 1484 Fulvii
925 1441 993 1484 nou
1010 1421 1081 1486 sine
1098 1423 1268 1488 communi

181 1607 186 1614 Ι
225 1526 375 1590 omnium
401 1532 554 1588 nostrum
575 1523 674 1586 laude
701 1522 912 1593 decorantur.
958 1541 993 1588 Χ.
1043 1525 1133 1610 Ergo
1159 1526 1268 1600 illum,

222 1613 283 1714 qui
306 1629 386 1693 haec
406 1627 543 1704 fecerat,
561 1626 735 1693 Rudinum
758 1617 1082 1693 bomincm'maiores
1107 1630 1212 1693 nostri
1233 1631 1269 1692 in

225 1735 398 1801 civitatem
426 1738 641 1816 receperunt3
669 1753 730 1796 nos
758 1731 847 1796 hunc
881 1732 1129 1797 Heracliensem
1153 1734 1268 1798 multis

225 1837 416 1903 civitatibus
433 1837 631 1920 expetitum,
642 1837 676 1898 10
692 1836 754 1901 hac
770 1843 883 1902 autem
899 1835 1030 1922 legibus
1046 1839 1269 1904 constitutum

183 1957 198 2002 5
220 1940 261 2004 de
278 1948 390 2004 nostra
405 1940 541 2003 civitate
559 1939 740 2003 eiciemus?

171 2051 211 2112 23
269 2045 365 2120 Nam,
396 2044 426 2107 si
458 2044 534 2128 quis
567 2045 730 2108 minorem
761 2044 886 2129 gloriae
914 2043 1066 2109 fructum
1096 2052 1196 2131 putat
1226 2068 1268 2112 ex

224 2149 361 2214 Graecis
385 2148 535 2213 versibus
564 2148 689 2232 percipi
719 2170 819 2232 quam
836 2170 877 2212 ex
894 2148 1035 2224 Latinis,
1054 2150 1268 2218 vehementer

222 2262 321 2328 errat,
337 2261 512 2338 propterea
528 2251 619 2336 quod
637 2251 776 2316 Graeca
789 2252 952 2338 leguntur
967 2255 1002 2316 in
1018 2255 1172 2322 omnibus
1199 2255 1266 2319 fero

223 2357 391 2444 gentibus
409 2356 529 2421 Latina
544 2357 614 2420 suis
630 2355 754 2420 finibus
783 2357 915 2442 exiguis
931 2378 1011 2422 sane
1041 2361 1265 2424 continentur.

172 2478 200 2522 10
223 2462 346 2544 Quare,
362 2462 391 2524 si
407 2482 459 2525 res
476 2482 543 2536 cae,
561 2482 644 2545 quus
661 2460 837 2546 gessimus
849 2459 936 2524 orbis
953 2468 1058 2526 terrae
1075 2463 1266 2550 regionibus

224 2566 441 2641 definiuntur,
458 2586 578 2649 cupere
603 2563 773 2639 debemus,
798 2585 865 2647 quo
892 2586 1052 2628 manuum
1079 2574 1266 2633 nostrarum

227 2671 294 2736 tela
309 2670 534 2754 pervenerint,
551 2668 668 2733 eodem
696 2669 838 2754 gloriam
865 2667 1055 2754 famamque
1082 2677 1265 2754 penetrare,

225 2774 317 2860 quod
344 2795 420 2838 oum
449 2773 528 2858 ipsis
557 2773 699 2857 populis,
729 2771 769 2836 de
800 2792 944 2856 qnorum
970 2773 1070 2842 rebus
1100 2774 1265 2850 scribitur,

224 2878 304 2945 baec
334 2877 446 2960 ampla
474 2885 566 2951 suut,
595 2883 667 2940 tum
693 2877 734 2940 iis
760 2885 860 2950 certe,
885 2878 945 2960 qui
975 2876 1016 2940 de
1042 2878 1113 2941 vita
1143 2879 1265 2964 gloriae

173 2999 201 3044 15
224 3003 324 3047 cansa
348 2981 519 3056 dimicant,
536 2980 598 3047 hoc
627 2981 812 3044 maximum
840 2989 875 3045 et
900 2982 1126 3065 periculorum
1153 2984 1266 3048 incita-

173 3091 379 3152 24mentum
410 3093 462 3150 est
491 3092 526 3150 et
555 3084 717 3148 laborum.
777 3084 889 3164 Quam
927 3084 1052 3149 multos
1090 3086 1265 3170 scriptores

225 3213 335 3282 rerum
352 3211 486 3254 suarum
513 3210 655 3276 magnus
683 3189 740 3253 illc
766 3183 963 3254 Alexander
986 3210 1100 3254 secum
1112 3189 1264 3256 habuisse

226 3292 369 3358 dicitur!
415 3293 532 3378 Atque
548 3295 576 3357 is
595 3277 718 3368 tamen,
735 3315 812 3358 cum
828 3293 863 3356 in
881 3291 982 3380 Sigeo
998 3293 1041 3356 ad
1057 3294 1201 3359 Achillis
1218 3305 1265 3360 tu-

228 3396 357 3460 mulum
391 3396 598 3462 adstitisset:
634 3396 686 3459 6Ο
710 3395 974 3472 fortunate,'
998 3397 1120 3482 inquit,
1155 3398 1265 3466 ‘adu-

172 3515 202 3559 00
224 3500 513 3585 lescens‚qui
537 3506 644 3564 tuae
668 3500 865 3565 virtutis
890 3500 1129 3566 Homerum
1151 3525 1266 3586 prae-

226 3602 677 3670 concminvenerisl’
724 3603 873 3669 Etverc.
920 3604 1265 3680 Nemnisilliasilla

226 3709 405 3785 extitisset,
421 3708 511 3773 idem
536 3709 697 3784 tumulus,
727 3709 787 3792 qui
814 3731 935 3794 corpus
962 3711 1034 3774 0100
1062 3719 1263 3788 contexerat,

184 3889 192 3896 ἢ
225 3832 347 3904 nomen
376 3813 481 3876 etiam
510 3811 687 3876 obruisset,
745 3811 864 3890 Quid?
888 3819 1002 3876 noster
1028 3813 1082 3876 hic
1110 3812 1262 3900 Magnus,
