2800 4367
344 353 348 358 ·
382 334 437 389 nr.
461 334 537 401 xx,
562 339 576 401 ς
599 338 627 401 4;
650 333 742 401 xxr,
766 337 780 400 a
804 333 858 388 ra
1126 317 1190 386 169

84 518 285 596 quantoque
331 509 436 575 fuerit
479 509 614 589 facilius
651 530 784 574 manere
822 508 913 573 domi
951 529 1053 592 quam
1091 529 1138 572 re-

85 616 183 691 dire3
212 615 271 679 sed
300 622 425 690 tamen,
455 616 485 678 si
515 637 630 680 omnes
660 613 813 679 tribunos
845 613 890 698 pl.
915 611 1087 690 habemus,
1110 613 1139 676 si
1162 629 1192 674 ao
1263 643 1266 648 ·

86 719 275 785 Lentulum
313 728 384 784 tam
428 719 629 797 studiosum,
669 740 770 804 quam
808 717 953 794 videtur,
992 718 1020 782 si
1059 739 1138 782 vero

87 827 191 888 etiam
215 825 413 909 Pompeium
438 831 473 889 et
503 823 691 899 Caesarem,
717 845 783 887 non
807 831 860 888 est
882 821 1137 907 desperandum.

89 930 148 993 De
176 928 310 1005 familia,
335 927 503 1013 quomodo
535 928 701 1012 placuisse
733 927 849 991 scribis
882 927 1007 1002 amicis,
1040 924 1179 991 facie-3

90 1056 179 1097 mus,
222 1033 273 1098 De
312 1026 396 1109 loco,
428 1053 519 1097 nunc
552 1031 690 1117 quidem
725 1032 791 1095 iam
822 1030 904 1096 abiit
934 1030 1137 1115 pestilentia,

91 1138 164 1213 sed,
193 1138 354 1222 quamdiu
385 1137 462 1214 fuit,
494 1159 546 1201 me
574 1159 641 1200 non
673 1137 798 1222 attigit.
846 1134 1015 1211 Plancius,
1041 1134 1140 1198 homo
1162 1149 1191 1194 aa

94 1242 361 1319 officiosissimus
379 1264 430 1306 me
454 1243 551 1326 cupit
572 1263 645 1306 esse
672 1263 786 1305 secum
813 1248 849 1304 et
870 1239 981 1320 adhuc
1004 1239 1136 1303 retinet.

94 1346 170 1432 Ego
190 1347 341 1411 volebam
366 1347 441 1410 loco
471 1347 579 1433 magis
607 1345 740 1411 deserto
768 1366 838 1409 esse
866 1345 901 1406 in
929 1343 1041 1429 Epiro,
1070 1363 1138 1428 quo

95 1471 202 1534 neque
218 1451 296 1514 Piso
309 1452 442 1516 veniret
457 1472 519 1515 nec
536 1451 669 1527 milites,
687 1448 749 1514 sed
768 1447 878 1513 adhuc
903 1447 1062 1512 Plancius
1085 1469 1137 1512 me

97 1557 230 1618 retinet:
248 1564 363 1641 sperat
374 1576 470 1639 posse
482 1555 563 1630 fieri,
574 1563 615 1618 ut
630 1575 761 1619 mecum
777 1553 812 1615 in
830 1552 963 1616 Italiam
980 1550 1138 1627 decedat3

98 1680 195 1740 quem
209 1681 270 1744 ego
286 1657 374 1722 diem
398 1659 426 1722 si
443 1657 559 1723 videro
583 1667 624 1723 et.
639 1657 668 1721 si
691 1657 726 1720 in
752 1664 901 1721 vestrum
927 1657 1140 1741 complexum
1164 1670 1193 1716 ao

99 1784 215 1826 venero
229 1784 266 1827 ac
282 1763 311 1826 si
328 1770 363 1827 et
378 1784 438 1828 vos
454 1770 490 1826 et
513 1785 564 1827 me
586 1764 697 1847 ipsum
723 1782 930 1846 recuperato,
947 1761 1029 1824 satis
1052 1781 1141 1846 mag·

101 1889 175 1930 num
191 1868 268 1929 mihi
285 1867 436 1932 fructum
454 1866 591 1931 videbor
606 1866 794 1951 percepisse
811 1871 846 1930 et
859 1871 988 1928 vestine
1006 1864 1140 1948 pietatis

103 1978 135 2033 et
147 1993 242 2035 meae.
288 1971 422 2035 Pisonis
437 1970 639 2047 humanitas,
656 1971 773 2045 virtus,
787 1990 880 2032 amor
896 1969 930 2031 in
947 1989 1061 2033 omnes
1078 1988 1138 2030 nos
1172 1969 1193 2028 4

103 2082 207 2139 tantus
222 2081 283 2150 est,
302 2081 341 2137 ut
356 2074 441 2136 nihil
462 2095 565 2158 supra
587 2073 715 2158 possit:
741 2074 871 2137 utinam
895 2093 933 2136 ea
956 2094 1008 2136 res
1032 2071 1061 2136 ei
1085 2093 1140 2135 vo

103 2177 215 2261 luptati
240 2176 303 2242 sit!
327 2178 453 2264 gloriae
478 2175 615 2261 quidem
640 2177 738 2242 video
770 2176 852 2241 fore.
899 2176 950 2240 De
975 2175 1017 2255 Q.
1039 2174 1141 2240 fratre
1164 2189 1192 2234 aa

104 2282 177 2345 nihil
191 2304 251 2369 ego
267 2290 300 2346 te
317 2283 482 2356 accusavi,
498 2281 732 2357 saducaeum
748 2282 941 2366 praesertim
956 2288 1024 2345 tam
1042 2280 1139 2365 pauci

104 2387 176 2463 sitis,
203 2387 294 2452 volui
325 2407 396 2450 esse
428 2407 529 2470 quarn
561 2385 865 2450 coniunctissimos.
923 2383 1055 2464 Quibus
1087 2404 1138 2447 me
1173 2385 1192 2446 5

105 2491 228 2555 voluisti
253 2512 352 2577 agere
375 2490 512 2575 gratias,
529 2490 584 2576 egi
607 2497 643 2553 et
666 2511 718 2554 me
735 2497 803 2553 ate
820 2490 994 2554 certiorem
1012 2487 1139 2551 iactum

106 2615 164 2659 esse
192 2594 317 2680 scripsi.
372 2593 473 2673 Quod
504 2593 547 2656 ad
573 2615 637 2669 me,
664 2615 738 2658 mea
765 2593 934 2669 Terentia,
962 2592 1077 2658 scribis
1105 2599 1139 2656 te

107 2699 203 2762 vicum
218 2697 443 2774 vendituram,
461 2697 554 2782 quid,
571 2695 708 2761 obsecro
725 2704 758 2761 te
771 2735 814 2744 -
827 2720 879 2762 me
898 2699 1055 2760 miserum
1067 2695 1074 2758 l
1088 2735 1139 2771 -,
1163 2710 1194 2754 40

107 2803 176 2884 quid
185 2802 339 2866 futurum
355 2801 432 2866 est?
448 2808 492 2876 et,
503 2801 532 2865 si
545 2823 604 2864 nos
621 2809 751 2886 premet
766 2801 881 2866 eadem
899 2800 1044 2874 fortuna,
1057 2798 1139 2884 quid

107 2927 194 2988 puero
210 2908 332 2971 misero
349 2906 431 2970 fiet?
476 2905 553 2969 Non
570 2927 658 2990 queo
681 2906 812 2990 reliqua
835 2905 1031 2970 scribere-
1046 2911 1139 2968 tanta

108 3011 147 3074 iis
160 2999 368 3076 lacrimarum
383 3018 436 3074 est
447 3049 510 3086 —,
523 3031 633 3093 neque
651 3016 684 3073 te
696 3010 732 3072 in
749 3009 891 3073 eundem
905 3007 1020 3072 fletum
1038 3007 1139 3070 addu-

108 3134 186 3190 cam3
208 3123 342 3179 tantum
358 3113 486 3178 scribo:
510 3114 539 3178 si
559 3120 659 3177 erunt
681 3114 716 3175 in
741 3112 849 3177 officio
872 3113 979 3187 amici,
998 3111 1139 3196 pecunia

108 3237 163 3281 non
186 3220 310 3294 deerit3
333 3220 447 3283 sinon
474 3227 584 3294 erunt,
603 3225 640 3281 tu
665 3216 794 3282 efficere
823 3225 882 3282 tua
909 3217 1051 3302 pecunia
1074 3237 1141 3278 non
1164 3231 1193 3275 45

42 3322 43 3363 ἶ
108 3325 223 3404 poteris.
270 3323 336 3387 Per
351 3321 505 3386 fortunas
521 3323 658 3386 miseras
675 3330 816 3397 nostras
833 3321 922 3398 vide,
939 3342 981 3386 ne
997 3341 1139 3405 puerum

42 3414 43 3471 ]
109 3427 258 3508 perdit-um
273 3426 470 3513 perdamus3
495 3427 549 3490 cui
566 3427 593 3490 si
610 3425 741 3510 aliquid
764 3427 836 3504 erit,
854 3448 896 3490 ne
914 3433 1021 3512 egeat,
1039 3422 1140 3488 medi·

110 3532 165 3594 ocri
179 3533 302 3597 virtute
319 3554 404 3616 opus
420 3538 473 3595 est
488 3538 523 3595 et
540 3529 696 3595 mediocri
714 3529 859 3607 fortuna,
877 3538 917 3595 ut
932 3537 1043 3594 cetera
1065 3549 1140 3592 con-

111 3644 260 3719 sequatur.
307 3636 374 3701 Fac
399 3636 511 3701 valeas
535 3635 633 3700 etad
659 3657 712 3699 me
741 3635 931 3700 tabellarios
959 3635 1083 3709 mittas,
1101 3639 1141 3696 ut
1163 3633 1182 3696 6

112 3739 206 3816 sciam,
221 3741 304 3826 quid
327 3749 448 3828 agatur
472 3748 507 3804 et
530 3761 589 3803 vos
613 3739 697 3823 quid
725 3741 842 3826 agatis.
890 3739 977 3802 Mihi
1005 3736 1141 3801 omnino
1163 3749 1193 3794 50

113 3841 164 3906 iam
176 3845 280 3912 brevis
297 3846 503 3930 exspectatio
519 3852 579 3909 est.
626 3843 794 3908 Tulliolae
819 3851 853 3908 et
877 3842 1030 3907 Ciceroni
1055 3841 1140 3905 salu-
