2800 4367
175 333 219 399 92
434 336 476 394 nt
497 334 711 394 cnrrtrnnu
735 335 878 392 onemo
900 337 1070 401 quassa,

174 535 204 578 ss
225 517 319 591 citat,
344 515 526 580 Catilinam
553 520 661 590 vocat,
686 512 853 578 adtribuit
883 533 944 576 nos
967 505 1204 576 trucidandos
1237 502 1294 571 Ce

226 621 329 706 thego
358 626 394 684 et
422 627 550 684 ceteros
579 618 664 682 civis
696 615 945 682 interficiendos
977 615 1141 691 Gabinio,
1176 612 1294 678 urbem

227 721 496 789 inflammandam
521 721 648 798 Cassio,
672 729 779 786 totam
811 720 944 786 Italiam
971 717 1187 784 vastandam
1222 715 1296 780 diri-

227 827 449 914 piendamque
477 825 654 891 Catilinae.
701 825 892 890 Vereamini
924 845 1056 899 censeo,
1084 845 1131 888 ne
1167 823 1210 885 in
1236 820 1295 883 hoc

225 933 350 998 scelere
379 941 447 995 tam
473 931 611 994 immani
638 949 677 994 ac
703 928 849 995 nefando
876 929 976 992 nimis
1007 927 1145 1012 aliquid
1172 946 1295 991 severe

176 1054 206 1097 rc
227 1036 385 1100 statuisse
414 1032 617 1108 videamiui3
648 1033 758 1097 multo
789 1032 895 1118 magis
926 1040 980 1097 est
1009 1031 1225 1108 verendum,
1257 1051 1296 1093 ne

227 1139 419 1204 remissione
450 1158 576 1222 poenae
607 1135 761 1202 crudeles
793 1138 828 1200 in
860 1137 1004 1222 patriam
1036 1157 1143 1221 quam
1170 1157 1223 1200 ne
1249 1156 1295 1198 se

228 1244 367 1309 veritate
392 1240 689 1307 animadversionis
715 1242 813 1322 qimis
835 1240 1051 1306 vehementes
1080 1241 1118 1303 in
1145 1238 1298 1304 acerbis·

226 1348 327 1412 simos
343 1346 448 1410 hostis
463 1344 567 1410 fuisse
584 1343 767 1410 videamur.

132 1483 138 1492 ·
177 1454 216 1515 14
269 1467 335 1514 vn.
359 1448 427 1514 Sed
441 1471 490 1525 ea,
507 1471 594 1534 quae
610 1448 766 1524 exaudio,
783 1457 893 1535 patres
910 1449 1100 1534 conscripti,
1126 1448 1298 1514 dissimu-

228 1557 296 1620 lare
327 1575 394 1618 nou
424 1575 570 1638 possum.
616 1553 792 1618 Isciuntur
823 1554 912 1619 enim
944 1573 1052 1630 voces,
1087 1574 1180 1638 quae
1223 1575 1296 1638 per-

230 1659 372 1724 veniunt
386 1656 430 1721 ad
452 1659 541 1722 auris
565 1679 654 1722 meas
677 1678 804 1734 eorum,
830 1659 890 1744 qui
912 1658 1020 1722 vereri
1044 1655 1230 1733 videntur,
1257 1665 1297 1721 ut

230 1761 366 1826 habeam
412 1762 495 1825 satis
532 1760 689 1846 praesidii
720 1761 763 1825 ad
794 1783 842 1838 ea,
874 1783 961 1846 quae
993 1782 1052 1826 vos
1090 1762 1295 1826 statueritis

190 1883 205 1927 c
227 1865 388 1930 hodierno
404 1864 469 1941 die,
487 1865 718 1951 transigunda.
765 1865 890 1930 Omnia
905 1874 940 1930 et
954 1867 1088 1950 provisa
1103 1872 1140 1930 et
1163 1874 1296 1950 parata

228 1978 264 2034 et
283 1970 471 2033 constituta
491 1976 582 2046 sunt,
600 1976 712 2053 putres
735 1970 927 2053 conscripti,
950 1991 1026 2034 cum
1050 1989 1123 2034 mea
1146 1991 1294 2034 summa

229 2095 309 2138 cura
324 2082 426 2159 atque
444 2073 631 2160 diligentia,
656 2081 728 2137 tum
755 2075 856 2138 etiam
881 2075 990 2137 multo
1014 2074 1135 2139 maiore
1161 2075 1293 2160 populi

233 2179 374 2243 Romani
390 2177 432 2242 ad
448 2199 616 2242 summum
635 2179 810 2263 imperium
832 2177 1044 2243 retinendum
1069 2177 1171 2242 etad
1193 2201 1294 2244 com·
1358 2262 1360 2266 Α

230 2305 346 2348 munes
360 2282 512 2347 fortunas
525 2280 770 2347 conservandas
782 2283 967 2348 voluntate.
1015 2281 1140 2347 Omnes
1152 2283 1293 2350 adsunt

178 2401 206 2446 10
228 2390 376 2452 omniurn
394 2387 548 2452 ordinum
572 2387 732 2462 homines
757 2389 904 2450 omnium
930 2409 1102 2474 generum,
1127 2390 1290 2453 omnium

230 2491 375 2576 denique
406 2500 574 2565 aetatum3
610 2492 746 2575 plenum
780 2500 832 2557 est
863 2491 982 2569 forum,
1015 2493 1114 2577 plena
1151 2495 1290 2579 templa

229 2597 354 2659 circuni
387 2594 506 2670 forum,
540 2595 630 2679 pleni
663 2617 777 2660 ornnes
809 2596 921 2661 aditus
952 2597 1052 2660 huius
1084 2585 1202 2681 teinpli
1245 2621 1288 2664 ac

229 2700 305 2764 loci.
352 2698 463 2762 Causa
489 2706 540 2763 est
566 2700 654 2762 enim
681 2709 757 2784 post
787 2700 901 2765 urbem
928 2700 1098 2765 conditam
1127 2701 1208 2766 haec
1232 2704 1287 2766 in-

230 2811 330 2869 venta
351 2803 431 2878 sola,
453 2805 487 2866 in
511 2825 579 2888 qua
602 2825 716 2868 ornnes
740 2807 906 2870 sentirent
933 2827 1037 2869 unuin
1062 2814 1165 2891 atque
1189 2806 1284 2872 idem

178 2915 360 2993 repraeter
389 2929 454 2982 eos,
487 2910 545 2992 qui
576 2930 652 2974 cum
685 2908 746 2972 sibi
780 2909 935 2974 viderent
961 2931 1032 2975 esse
1055 2909 1282 2994 pereundum,

178 3016 214 3078 15
227 3035 302 3077 curn
320 3012 474 3076 omnibus
491 3014 603 3097 potius
620 3033 721 3096 quani
738 3013 801 3076 soli
813 3015 919 3097 perire
936 3015 1129 3081 voluerunt.
1166 3015 1281 3080 Hcsce

230 3138 292 3202 ego
308 3116 458 3180 homines
481 3117 611 3201 excipio
635 3123 671 3180 et
694 3137 832 3180 secerno
858 3117 1014 3182 lubenter
1036 3139 1147 3204 neque
1173 3119 1210 3183 in
1232 3119 1281 3182 in-

231 3219 409 3305 proborum
455 3221 590 3297 civium,
632 3219 691 3284 sed
730 3221 765 3282 in
803 3220 1089 3286 acerbissimorum
1130 3223 1278 3289 hostium

231 3347 369 3389 numero
395 3324 563 3389 habendos
591 3331 683 3409 puto.
731 3321 844 3388 Ceteri
875 3347 964 3402 vero,
996 3326 1030 3390 di
1061 3325 1276 3392 inmortales!

178 3442 207 3488 20
227 3450 295 3513 qua
310 3427 511 3512 frequentia,
528 3450 596 3513 quo
611 3427 735 3503 studio,
758 3450 826 3513 qua
848 3431 975 3494 virtute
999 3429 1042 3494 ad
1066 3453 1274 3496 communem

231 3533 374 3596 salutem
413 3532 680 3618 dignitatemque
719 3532 959 3597 consentiunt!
1007 3533 1099 3613 Quid
1130 3556 1193 3620 ego
1224 3535 1275 3598 hic

231 3638 365 3720 equites
396 3637 563 3700 Romanos
593 3638 873 3702 commemorem?
905 3639 965 3723 qui
997 3637 1090 3704 vobis
1122 3639 1169 3702 ita
1191 3660 1276 3703 sum-
1375 3669 1377 3692 1

230 3763 317 3803 mam
349 3740 474 3804 ordinis
505 3741 704 3826 consiliique
735 3741 937 3818 concedunt,
970 3749 1009 3805 ut
1039 3741 1212 3807 vobiscum
1236 3740 1274 3804 de

230 3865 342 3907 amore
359 3844 405 3907 rei
421 3843 574 3928 publicae
591 3853 740 3919 certcut3
765 3866 850 3928 quos
863 3867 905 3907 ex
918 3845 1102 3906 multorum
1113 3865 1272 3908 annorum
