2800 4367
198 267 262 332 202
550 279 623 329 rao
645 279 674 329 r.
699 278 825 328 snsrro
849 277 997 328 oslrro.
1353 313 1354 396 ἰ

250 474 326 516 eum
354 448 590 514 Armeniorum
620 471 696 534 rege
728 449 873 534 Tigrane
901 470 1003 534 grave
1035 447 1158 512 bellum
1184 470 1284 532 nuper
1353 443 1354 504 l

250 557 313 640 ipsi
330 554 597 638 diuturnumque
614 554 789 640 gessimus,
807 575 882 616 oum
901 553 957 617 ille
975 553 1107 615 iniuriis
1130 554 1160 615 in
1184 553 1283 616 socios
1353 557 1354 604 l

199 677 228 721 10
249 667 379 723 nostros
404 656 587 721 inferendis
610 656 698 720 bello
723 679 823 742 prope
848 677 908 720 nos
933 656 1131 720 lacessisset.
1176 655 1238 718 Hie
1254 665 1285 718 et
1353 635 1354 702 l

251 765 320 848 ipse
345 783 403 846 per
427 783 462 825 se
480 760 659 824 vehemens
686 759 753 824 fuit
778 768 814 824 et
836 760 1034 824 acerrimum
1051 759 1176 824 hostem
1193 759 1284 822 huius
1353 747 1354 818 i

250 867 379 951 imperii
398 863 629 928 Mithridatem
649 863 785 948 pulsum
811 863 920 926 Ponto
944 863 1063 949 opibus
1087 864 1157 926 suis
1180 883 1286 948 regno·

249 993 314 1055 que
338 967 492 1034 defendit
514 977 549 1033 et
564 990 584 1030 a
601 968 638 1030 L.
656 968 810 1043 Lucullo,
828 989 958 1042 summo
975 967 1048 1032 viro
1072 976 1172 1052 atque
1194 967 1287 1050 impe·

251 1083 369 1148 latore,
397 1073 515 1156 pulsus
543 1073 653 1135 animo
681 1081 793 1136 temen
819 1071 934 1136 hostili
964 1093 1040 1135 oum
1065 1071 1201 1155 reliquis
1223 1072 1287 1134 suis

201 1197 226 1237 π»
249 1179 352 1262 copiis
368 1179 403 1239 in
426 1177 567 1261 pristina
591 1184 702 1240 niente
727 1176 858 1239 mansit.
908 1175 1009 1239 Huno
1035 1174 1097 1238 On.
1117 1174 1287 1258 Pompeius
1353 1203 1354 1212 ¹

250 1304 325 1346 eum
343 1283 377 1344 in
394 1281 464 1344 suis
481 1282 598 1344 castris
622 1279 808 1364 supplicem
832 1279 998 1344 abiectum
1024 1279 1171 1356 vidisset,
1189 1280 1289 1343 erexit
1353 1327 1354 1362 3

251 1395 352 1470 atque
369 1386 499 1470 insigne
517 1385 656 1471 regium,
674 1382 766 1468 quod
782 1383 839 1446 ille
856 1383 897 1448 de
913 1406 976 1458 suo
992 1385 1100 1468 eapite
1122 1383 1288 1458 abiecerat,
1353 1403 1354 1422 ³

251 1491 401 1575 reposuit
427 1497 462 1553 et
485 1490 585 1553 certis
614 1487 711 1552 rebus
740 1488 911 1572 imperatis
939 1509 1077 1574 regnare
1109 1489 1206 1552 iussit
1233 1508 1289 1550 neo
1353 1517 1354 1572 χ

251 1596 362 1657 minus
389 1602 423 1657 et
449 1593 511 1656 sibi
537 1601 572 1656 et
598 1592 676 1655 huie
704 1592 842 1678 imperio
866 1591 1050 1678 gloriosum
1073 1593 1208 1677 putavit
1223 1613 1290 1655 oon·

155 1697 157 1700 ’
199 1703 238 1764 ts
250 1700 409 1762 stitutum
438 1719 457 1760 a
483 1719 517 1760 se
545 1719 656 1782 regem
685 1718 786 1781 quarn
812 1697 1032 1766 coristriotum
1057 1695 1173 1760 videri.
1220 1695 1289 1769 Hie,
1353 1699 1354 1780 l

198 1821 224 1863 ‘21
250 1804 309 1888 qni
339 1802 466 1866 bellurn
504 1801 629 1876 intulit,
660 1802 777 1887 gessit,
809 1802 867 1885 qui
907 1809 942 1865 et
978 1801 1049 1884 ipse
1088 1799 1193 1866 hostis
1229 1799 1291 1863 luit

252 1906 367 1990 populi
397 1906 536 1970 Romani
564 1911 600 1970 et
625 1906 823 1969 acerrimum
852 1905 982 1969 hostem
1013 1905 1048 1967 in
1080 1925 1221 1991 regnum
1249 1925 1292 1968 re-

253 2012 350 2094 cepit,
368 2011 426 2094 qui
453 2008 615 2086 conflixit,
631 2010 689 2094 qui
717 2009 813 2096 signa
839 2010 993 2086 eontulit,
1010 2010 1069 2093 qui
1095 2006 1136 2073 de
1160 2007 1292 2094 imperio

183 2117 189 2130 ‘
250 2136 353 2198 paene
384 2115 535 2189 certavit,
567 2121 687 2200 regnat
717 2112 816 2177 hodie
847 2121 882 2178 et
912 2113 1076 2179 amicitiae
1109 2135 1229 2178 nomen
1255 2133 1292 2175 aa

199 2235 227 2278 ‘25
249 2219 430 2292 societatis
463 2216 554 2301 quod
584 2217 684 2280 armis
716 2217 868 2293 violarat,
900 2215 935 2280 id
961 2217 1115 2302 precibus
1147 2225 1198 2282 est
1223 2237 1292 2280 oon·
1353 2257 1354 2260 =

252 2330 407 2398 secutus3
431 2323 488 2385 ille
517 2321 664 2407 Cyprius
692 2322 801 2397 miser,
827 2320 885 2405 qui
910 2343 1042 2406 semper
1064 2321 1200 2397 amieuS,
1217 2341 1292 2384 sem-

250 2449 308 2510 per
329 2428 439 2491 socius
466 2423 543 2499 fuit,
561 2425 601 2489 de
626 2447 694 2508 quo
718 2425 812 2488 nulla
837 2446 997 2510 umquam
1022 2427 1169 2510 suspicio
1184 2424 1292 2488 durior
1353 2451 1354 2472 i

252 2530 369 2595 autad
391 2537 544 2593 senatum
569 2528 694 2591 autad
718 2530 933 2614 imperatores
957 2529 1059 2593 allata
1082 2537 1212 2594 nostros
1235 2535 1291 2602 est,

252 2636 361 2709 vivus,
386 2642 425 2697 ut
449 2634 555 2707 aiunt,
587 2640 639 2696 est
665 2641 700 2695 et
729 2631 846 2696 videns
874 2653 950 2696 oum
978 2634 1071 2697 victu
1094 2653 1140 2696 ao
1173 2633 1291 2697 vestitu

201 2753 230 2796 ao
253 2760 315 2802 suo
345 2737 546 2822 publicatus.
594 2736 667 2811 Em,
692 2757 752 2799 our
783 2737 884 2800 aeteri
916 2757 1011 2823 reges
1042 2735 1194 2801 stabilem
1225 2757 1290 2800 esse
1353 2747 1354 2812 t

252 2864 346 2907 suam
362 2841 533 2906 fortunam
550 2839 763 2914 arbitrentur,
781 2860 857 2903 curn
874 2839 936 2903 hoc
953 2840 1044 2904 illius
1068 2839 1194 2905 funesti
1218 2840 1291 2902 anni

254 2945 385 3030 prodito
415 2944 568 3029 exemplo
600 2943 739 3008 videant
771 2966 830 3028 per
869 2943 1043 3008 tribunum
1080 2945 1225 3028 aliquem
1262 2952 1292 3007 et
1353 2985 1354 2992 κ

206 3134 208 3137 Ι
252 3057 419 3114 sescentas
450 3070 566 3132 operas
596 3070 632 3112 se
664 3047 808 3111 fortunis
840 3049 974 3133 spoliari
1007 3058 1041 3113 et
1071 3071 1174 3136 regno
1207 3049 1289 3112 omni
1353 3067 1354 3082 ¹

253 3175 348 3240 posse
366 3150 503 3215 nudari!
1353 3143 1354 3222 s

201 3264 241 3325 60
296 3273 430 3320 xxvm.
462 3254 512 3318 At
527 3247 684 3349 etiam'eo
700 3257 835 3343 negotio
860 3256 907 3320 M.
926 3256 1064 3321 Catonis
1088 3256 1288 3341 splendorem
1353 3275 1354 3342 ζ

254 3362 420 3428 maculare
452 3360 634 3425 voluerunt
663 3361 782 3447 ignari,
808 3361 890 3446 quid
918 3363 1074 3448 gravitas,
1104 3361 1186 3446 quid
1216 3363 1288 3426 inte·

253 3469 367 3556 gotes
399 3465 483 3552 quid
514 3464 712 3552 magnitudo
743 3467 855 3542 animi,
889 3466 972 3550 quid
1007 3467 1151 3552 denique
1190 3469 1287 3531 virtus

253 3574 391 3649 valeret
408 3591 494 3657 quae
510 3570 545 3632 in
561 3576 761 3654 tempestate
777 3591 877 3634 saeva
893 3572 1009 3654 quieta
1025 3578 1077 3635 est
1093 3579 1128 3635 et
1149 3571 1237 3635 lueet
1257 3571 1286 3632 in
1353 3557 1354 3640 ξ

223 3677 401 3743 ttenebris
432 3683 468 3741 et
497 3674 594 3760 pulsa
624 3674 698 3738 loeo
730 3684 843 3738 manet
866 3683 978 3739 tamen
1003 3655 1105 3760 atque
1128 3674 1236 3738 haeret
1257 3674 1285 3734 in

254 3784 361 3868 patria
398 3778 622 3865 splendetque
660 3799 720 3860 per
758 3800 828 3842 sese
867 3800 997 3863 semper
1035 3799 1142 3862 neque
1179 3777 1284 3841 alienis
