2800 4367
189 292 229 361 76
448 302 590 359 omno
613 302 654 357 nr
676 300 891 357 caraman
914 300 1061 356 raama,

241 480 334 545 nium
364 477 537 543 confessus
567 484 628 543 est.
688 476 742 541 Ita
771 498 850 543 eum
879 496 948 541 non
977 474 1077 541 modo
1115 477 1296 563 ingenium

241 582 326 647 illud
356 592 391 647 et
421 581 554 647 dicendi
589 582 796 657 exercitatio,
819 602 888 667 qua
916 603 1049 666 semper
1080 582 1203 657 valuit,
1233 582 1296 646 sed

239 688 338 751 etiam
361 694 498 771 propter
513 686 581 751 vim
606 685 741 749 sceleris
764 684 934 749 manifesti
959 694 1062 770 atque
1089 685 1294 770 deprehensi

186 806 216 851 sn
238 790 445 876 inpudentia,
462 810 530 875 qua
546 788 726 874 superabat
743 790 861 864 omnis,
877 788 1128 874 inprobitasquc
1152 789 1291 855 defecit

188 898 227 961 12
239 896 436 961 Volturcius
465 915 544 959 vero
570 892 682 957 subito
712 892 842 957 litteras
868 892 1009 977 proferri
1036 902 1141 978 atque
1168 897 1289 979 aperiri

240 1000 341 1075 iubet,
359 1020 442 1083 quas
458 997 520 1063 sibi
537 1018 556 1061 a
572 996 719 1061 Lentulo
737 996 781 1060 ad
797 996 978 1061 Catilinam
993 996 1088 1062 datas
1111 1020 1185 1063 esse
1206 998 1287 1063 dice

240 1104 306 1167 bat.
323 1104 468 1201 „Atque
492 1100 536 1165 ibi
560 1100 852 1165 vehementissime
875 1100 1093 1185 perturbatus
1118 1102 1287 1168 Lentulus

240 1218 350 1271 tarnen
381 1216 416 1271 et
444 1207 577 1291 signum
609 1212 645 1269 et
674 1225 811 1267 manum
841 1226 935 1269 suam
963 1206 1133 1292 cognovit.
1182 1207 1289 1272 Erant

185 1320 349 1375 mantem
373 1312 445 1375 sine
469 1310 611 1384 nomine,
636 1307 695 1373 sed
723 1308 787 1371 ita:
819 1307 951 1387 ‘Quis
983 1310 1214 1385 sim,acies
1238 1334 1287 1377 ex

239 1413 708 1499 eo,quemadtemisi.
748 1411 1287 1503 Curautvirsis,etcog-

239 1521 312 1595 ita,
337 1540 462 1603 quem
488 1518 531 1581 in
556 1518 701 1581 locum
728 1517 791 1581 sis
823 1539 1111 1604 progressus.
1159 1519 1284 1597 Vide,
1360 1515 1361 1528 ¹

239 1622 405 1707 ecquid
445 1621 532 1685 tibi
566 1622 649 1685 iam
682 1620 746 1685 sit
779 1642 977 1699 necesse,
1005 1631 1050 1687 et
1081 1644 1200 1701 cura,
1241 1634 1286 1689 ut

237 1728 430 1791 omnium
455 1725 542 1790 tibi
564 1726 745 1789 auxilia
766 1724 1001 1813 adiungas
1024 1728 1162 1792 etiarn
1187 1729 1286 1793 infi-

185 1846 214 1891 45
237 1830 421 1894 morum!
469 1829 634 1894 Gabinius
650 1828 771 1894 deinde
788 1829 1001 1895 introductus
1013 1852 1092 1895 cum
1107 1834 1215 1917 primo
1227 1836 1284 1898 im·

238 1934 404 2019 pudenter
415 1933 614 2018 respondere
627 1934 801 2018 coepisset,
811 1933 856 1997 ad
867 1944 1057 2001 extremum
1073 1938 1160 2001 nibil
1175 1961 1218 2003 ex
1234 1941 1282 2015 iis,

187 2041 224 2103 13
236 2061 322 2123 qnae
354 2038 444 2103 Galli
475 2037 725 2113 insimulabant,
750 2038 895 2124 negavit.
942 2039 995 2104 Ac
1021 2041 1104 2106 mibi
1135 2043 1281 2127 quidem,

239 2143 398 2222 Quirites
415 2165 491 2207 cnm
507 2140 566 2205 illa
581 2143 767 2208 certissima
782 2143 853 2207 visa
867 2155 949 2209 sunt
963 2154 1164 2232 argumenta
1181 2157 1281 2233 atque
1324 2222 1326 2224 ,
1359 2189 1360 2218 ,

237 2247 360 2311 indicia
386 2247 530 2321 sceleris
546 2245 699 2321 tabellae,
717 2247 822 2333 signa,
847 2269 976 2325 manus,
1006 2249 1153 2335 denique
1180 2254 1281 2315 unius
1359 2305 1360 2322 ,

183 2367 213 2411 50
235 2352 399 2435 cuiusque
415 2348 591 2425 confessio,
608 2357 682 2413 tum
698 2351 806 2415 multo
823 2353 963 2416 certiora
981 2354 1048 2430 illa,
1062 2355 1164 2430 color,
1180 2356 1279 2430 oculi,
1359 2333 1360 2352 Χ

237 2454 361 2529 voltus
378 2453 600 2517 taciturnitas.
647 2452 701 2517 Sic
717 2455 805 2518 enim
822 2455 1078 2541 obstupuerant
1095 2459 1143 2523 sic
1160 2466 1279 2523 terram

237 2557 465 2633 intuebantur,
482 2556 529 2621 sic
548 2554 667 2620 furtim
690 2579 757 2620 non
782 2579 967 2644 numquam
991 2563 1079 2626 inter
1101 2582 1174 2627 sese
1198 2565 1280 2647 aspi·

235 2661 377 2736 ciebant,
394 2668 515 2725 utnon
532 2660 597 2723 iam
613 2659 655 2723 ab
669 2661 744 2725 aliis
761 2661 909 2740 indicari,
926 2661 987 2729 sed
1002 2665 1148 2731 indicare
1165 2687 1200 2730 se
1218 2667 1278 2751 ipsi

235 2766 441 2831 viderentur.

277 2887 324 2935 VI.
359 2869 496 2934 Iudiciis
512 2870 673 2955 expositis
692 2878 795 2956 atque
819 2872 929 2948 editis,
948 2872 1108 2952 Quirites,
1125 2883 1277 2940 senatum

234 2975 400 3050 consului,
428 2972 469 3039 de
507 2996 637 3039 summa
667 2997 702 3041 re
737 2974 873 3059 publica
904 2975 989 3059 quid
1020 2978 1090 3040 fieri
1121 2981 1274 3062 placeret.

235 3080 354 3144 Dictae
369 3085 451 3144 sunt
464 3100 492 3143 a
507 3079 714 3163 principibus
730 3079 907 3143 acerrimae
923 3099 962 3141 ac
984 3076 1184 3149 fortissimae
1208 3107 1276 3151 sen·
1358 3137 1359 3174 ,

234 3185 369 3255 tentiae,
380 3204 464 3267 quas
476 3191 613 3246 senatus
626 3184 699 3247 sine
716 3182 786 3245 ulla
803 3181 964 3245 varietate
980 3188 1194 3253 est-secutus.
1234 3190 1275 3253 Et
1358 3181 1359 3258 l

194 3288 391 3372 nquoniam
422 3286 571 3351 nondum
594 3294 647 3350 est
669 3285 889 3370 perscriptum
912 3293 1050 3352 senatus
1073 3293 1271 3368 consultum,
1358 3273 1359 3280 ἵ

233 3415 274 3457 ex
290 3392 449 3456 memoria
465 3390 570 3467 vobis,
589 3389 749 3469 Quirites,
768 3388 851 3474 quid
869 3399 1005 3456 senatus
1028 3396 1206 3472 censuerit,
1223 3418 1271 3463 ex·

182 3499 220 3559 14
231 3518 362 3581 ponam.
409 3495 562 3559 Primum
577 3494 659 3557 mibi
673 3494 800 3581 gratiae
818 3495 927 3561 verbis
944 3496 1157 3581 amplissimis
1174 3521 1271 3585 agun-

233 3608 298 3678 tur,
315 3598 407 3686 quod
423 3601 560 3676 virtute,
578 3598 728 3674 consili0,
745 3595 957 3683 providentia
974 3623 1046 3665 mea
1069 3624 1120 3667 res
1143 3602 1270 3687 publica

233 3706 385 3769 maximis
402 3704 561 3789 periculis
577 3703 623 3767 sit
636 3702 785 3767 liberata.
832 3702 963 3769 Deinde
976 3705 1013 3768 L.
1028 3705 1168 3771 Flaccus
1185 3716 1221 3772 et
1235 3707 1266 3771 Ο.

180 3823 209 3869 10
231 3809 432 3893 Pomptinus
452 3814 629 3893 praetcrea,
647 3807 739 3893 quod
754 3829 870 3872 eorum
886 3829 985 3891 opera
1011 3808 1092 3871 forti
1118 3809 1265 3894 fidelique
