2800 4367
218 337 282 402 134
345 373 348 380 -
561 349 635 402 ruo
656 348 687 402 r.
712 345 834 402 suam
857 345 1005 401 enarro.

240 506 244 512 ἐ
272 524 412 588 miseriis
443 544 516 588 esse
546 544 607 607 par
636 530 718 597 erat,
750 530 794 598 et
818 523 846 586 si
877 522 962 585 nihil
993 520 1086 585 aliud
1113 519 1220 585 Sullae
1239 520 1291 585 nisi

219 644 249 688 10
270 627 481 692 consulatum
504 627 737 702 abstulissetis,
763 635 875 690 tamen
898 648 938 691 eo
961 634 1136 691 contentos
1158 647 1214 690 vos
1234 647 1291 689 esse

271 731 464 816 oportclnt3
487 730 622 794 honoris
645 731 736 795 enim
759 731 932 794 contentio
949 752 1008 794 vos
1024 729 1067 793 ad
1088 750 1226 805 causam,
1240 750 1292 792 non

272 836 465 899 inimicitiae
496 833 724 898 deduxerunt.
785 832 851 898 Sed
881 856 958 897 cum
989 834 1068 899 huic
1099 835 1206 897 omnia
1232 855 1293 898 cum

273 938 396 1004 honore
427 938 577 1003 detracta
603 939 682 1014 sint,
714 959 790 1002 cum
820 939 856 1000 in
880 937 942 1002 hac
972 937 1112 1003 fortuna
1135 939 1296 1002 miserrima

273 1065 311 1108 ac
327 1043 575 1108 luctuosissima
598 1042 784 1108 destitutus
807 1041 962 1127 sit,›quid
985 1051 1047 1119 est,
1064 1042 1156 1130 quod
1178 1051 1295 1126 expetas

222 1164 251 1209 15
272 1148 439 1232 amplius?
483 1146 629 1212 Lucisne
660 1137 746 1211 hanc
778 1167 915 1212 usuram
946 1147 1073 1232 eripere
1106 1148 1157 1212 vis
1183 1147 1297 1231 plenam

270 1255 482 1318 lacrimarum
504 1260 607 1337 atquc
630 1253 799 1328 maeroris
823 1254 858 1316 in
883 1274 952 1337 qua
976 1274 1054 1316 cum
1081 1253 1222 1315 maximo
1242 1273 1299 1314 cru-

272 1358 362 1421 ciatu
377 1379 415 1421 ac
431 1356 544 1422 dolore
557 1357 747 1421 retinetur?
796 1356 954 1422 Libenter
969 1355 1153 1420 reddiderit
1163 1355 1300 1439 adempta

273 1462 457 1546 ignominia
479 1460 662 1525 foedissimi
686 1461 843 1525 criminis·
900 1461 958 1523 An
981 1482 1060 1524 vero
1084 1460 1251 1524 inimicum
1270 1465 1309 1546 ut

272 1565 448 1649 expellas?
484 1566 581 1628 cuius
611 1586 653 1628 ex
692 1565 843 1640 miseriis,
875 1565 903 1628 si
935 1585 1024 1628 esses
1058 1563 1301 1636 crudelissimus,

139 1741 142 1744 ,
220 1672 258 1734 91
272 1668 418 1734 videndo
433 1668 582 1732 fructum
599 1690 733 1752 caperes
757 1667 914 1732 maiorem
938 1689 1040 1753 quam
1062 1667 1237 1732 audiendo.
1278 1665 1302 1748 Q

219 1789 248 1833 21
271 1773 430 1837 miserum
456 1780 492 1837 et
516 1772 685 1837 infelicem
708 1772 805 1835 illum
821 1771 918 1848 diem,
936 1794 1005 1856 quo
1025 1772 1144 1836 consul
1167 1771 1304 1836 omnibus

272 1878 433 1942 centuriis
461 1876 500 1940 P.
528 1875 625 1940 Sulla
650 1877 865 1940 renuntiatus
892 1885 953 1952 est,
979 1898 998 1940 0
1030 1874 1151 1940 falsam
1173 1896 1305 1960 spem‚0

275 1982 446 2046 volucrem
476 1980 658 2056 fortunam,
689 2002 710 2044 0
741 2001 872 2044 caecam
911 1979 1143 2064 cupiditatem,
1175 2001 1195 2043 ο
1231 1999 1307 2063 prae-

272 2093 439 2172 posteram
468 2083 751 2172 gratulationem!
814 2083 925 2162 Quam
955 2084 1023 2148 cito
1054 2084 1113 2147 illa
1143 2084 1252 2147 omnia
1273 2104 1307 2146 er

219 2205 249 2251 25
270 2191 399 2256 laetitia
414 2197 450 2256 et
465 2189 640 2273 voluptate
663 2188 706 2252 ad
729 2188 859 2253 luctum
883 2196 919 2254 et
940 2189 1093 2252 lacrimas
1118 2186 1307 2260 recidemnt

273 2301 322 2369 ut,
346 2294 406 2377 qui
429 2293 529 2378 paulo
555 2300 633 2357 ante
657 2294 777 2357 consul
801 2293 997 2378 designatus
1022 2291 1153 2368 luisset,
1181 2298 1308 2376 repente

273 2398 404 2461 nullum
421 2398 601 2483 vestigium
617 2399 779 2462 retineret
801 2397 962 2482 pristinae
986 2395 1180 2482 dignitatis!
1228 2392 1310 2474 Quid

272 2504 361 2568 cuim
385 2511 458 2567 erat
479 2502 567 2578 mali,
590 2502 681 2587 quod
704 2501 783 2565 huic
809 2501 953 2586 spoliato
975 2500 1073 2576 fama,
1098 2501 1233 2576 honore,
1256 2498 1311 2563 ior-

273 2609 365 2672 tunis
381 2607 495 2672 deesse
513 2606 708 2671 videretur?
730 2614 791 2670 aut
809 2606 864 2669 eui
889 2627 994 2670 novae
1018 2605 1203 2669 calamitati
1225 2605 1310 2668 locus

220 2726 249 2773 30
271 2713 361 2776 ullus
384 2712 521 2776 relictus
545 2711 640 2776 esse?
687 2711 798 2797 Urget
820 2709 935 2776 eadem
962 2709 1108 2786 fortuna,
1132 2730 1219 2794 quae
1249 2719 1312 2772 coe·

272 2818 333 2901 pit,
361 2818 509 2901 repperit
531 2837 657 2880 novum
684 2837 877 2892 maerorem,
902 2837 969 2879 non
1000 2815 1128 2900 patitur
1151 2813 1311 2878 hominem

272 2921 501 2985 calamitosum
519 2941 586 2984 uno
602 2921 689 2984 malo
706 2919 878 2985 adflictum
894 2942 962 2983 uno
978 2921 1012 2982 in
1029 2920 1125 2983 luctu
1142 2919 1258 3003 perire.

220 3029 261 3092 92
315 3042 452 3088 xxxnr.
477 3023 543 3088 Sed
573 3025 638 3088 iam
668 3025 833 3110 impedior
862 3032 1003 3110 egomet,
1035 3023 1174 3099 iudices,
1206 3023 1311 3086 dolore

252 3129 387 3219 ‚animi
404 3150 445 3192 ne
462 3128 502 3193 de
518 3128 620 3193 huius
636 3131 769 3194 miseria
785 3130 882 3214 plura
904 3129 1022 3194 dicam.
1071 3128 1214 3192 Vestrae
1237 3133 1312 3190 sunt

273 3235 339 3297 iam
362 3241 482 3318 partes
499 3233 637 3311 iudices
654 3235 690 3298 in
715 3241 826 3300 vestra
851 3233 1108 3298 mausuetudine
1136 3243 1236 3318 atque
1259 3231 1312 3294 hu·

273 3338 433 3402 manitate
450 3358 584 3400 causam
606 3344 712 3401 totam
737 3359 872 3422 repono,
919 3337 989 3400 Vos
1016 3337 1197 3401 reiectione
1220 3338 1313 3398 inter-

235 3453 250 3497 5
271 3443 379 3526 posita
396 3441 479 3505 nihil
495 3441 744 3526 suspicantibus
761 3441 856 3506 nobis
872 3442 1039 3526 repentini
1056 3442 1091 3503 in
1108 3463 1169 3505 nos
1193 3439 1311 3504 iudices

274 3545 470 3610 consedistis
486 3545 528 3608 ab
544 3545 791 3610 accusatoribus
808 3545 929 3610 delecti
946 3545 989 3609 ad
1005 3567 1097 3630 spem
1118 3544 1311 3616 acerbitatis,

276 3670 296 3712 a
319 3649 455 3713 fortuna
486 3648 579 3712 nobis
603 3648 646 3712 ad
669 3649 874 3733 praesidium
898 3651 1108 3713 innocentiae
1132 3647 1310 3713 constituti.

274 3751 325 3818 Ut
353 3775 425 3840 ega
457 3750 540 3836 quid
571 3751 612 3816 de
643 3774 694 3817 me
726 3754 870 3837 populus
902 3754 1072 3816 Romanus
1102 3753 1311 3823 existimaret,

274 3859 355 3942 quia
380 3878 518 3922 severus
542 3858 578 3919 in
608 3857 775 3939 improbos
806 3857 945 3930 fueram,
977 3855 1125 3920 laboravi
1158 3865 1202 3934 ct,
1234 3875 1311 3941 quac
