2800 4367
397 876 448 948 M.
485 876 637 949 TULLI
674 877 939 951 CICERONIS

175 1092 392 1175 ORATIO
424 1092 490 1173 IN
522 1092 853 1223 CATILINAM
892 1093 1164 1177 SECUNDA

517 1318 578 1377 AD
608 1318 833 1380 POPULUM.

188 1784 211 1829 1.
237 1764 388 1830 Tandem
412 1758 603 1849 aliquando,
628 1762 790 1842 Quirites
815 1764 852 1826 L.
879 1764 1060 1828 Catilinam
1087 1764 1197 1829 iuren-
1229 1768 1244 1827 1

144 1878 212 1935 tem
236 1868 385 1944 audacia,
402 1870 511 1933 scelus
536 1868 760 1943 anhelantem,
777 1876 904 1951 pestem
925 1870 1051 1951 patriae
1068 1869 1195 1933 nefarie

144 1974 348 2047 molientem,
388 1970 482 2052 vobis
520 1978 623 2057 atque
661 1971 740 2034 huic
772 1969 964 2071 urbi'ierro
995 1970 1194 2057 fiammaque

145 2077 357 2141 minitantem
389 2099 430 2141 ex
463 2075 543 2140 urbe
575 2076 631 2139 vel
663 2076 822 2139 eiecimus
852 2076 908 2139 vel
939 2076 1108 2140 emisimus
1140 2078 1194 2141 vel

145 2182 255 2265 ipsum
287 2180 515 2266 egredientem
547 2180 657 2244 verbis
688 2180 859 2263 prosecuti
897 2200 1024 2243 sumus.
1087 2181 1225 2255 Abiits

145 2286 300 2361 excessit,
318 2286 434 2361 evasit,
451 2286 571 2369 erupit.
619 2284 725 2347 Nulla
748 2284 814 2345 iam
830 2284 994 2367 pernicies
1010 2306 1029 2347 a
1046 2292 1194 2348 monstro

144 2390 203 2453 illo
228 2397 330 2473 atque
355 2388 508 2475 prodigio
535 2389 708 2463 moenibus
737 2387 816 2471 ipsis
843 2388 932 2451 intra
957 2389 1088 2452 moenia
1111 2411 1195 2452 com-

144 2493 324 2578 parabitur.
385 2494 501 2578 Atque
541 2492 630 2555 hunc
670 2491 806 2575 quidem
846 2513 951 2554 unum
983 2492 1084 2555 huius
1115 2492 1194 2556 belli

143 2587 320 2663 domestici
336 2596 455 2661 ducem
471 2598 541 2661 sine
558 2596 786 2661 controversia
808 2597 960 2660 vicimus.
1006 2596 1083 2660 Non
1106 2598 1194 2660 enim

144 2703 210 2765 iam
240 2703 329 2766 inter
359 2703 463 2765 latera
494 2709 607 2765 nostra
636 2702 705 2765 sica
736 2701 795 2763 illa
832 2700 1030 2777 versabitur,
1062 2723 1127 2765 non
1160 2703 1192 2764 in
1219 2718 1248 2762 10

57 2835 59 2839 ·
144 2828 271 2891 campo,
300 2827 367 2869 non
398 2805 433 2868 in
459 2805 543 2881 ior0,
569 2827 635 2869 non
658 2805 817 2879 incuria,
841 2825 908 2868 non
932 2804 1078 2890 denique
1106 2807 1195 2869 intra

145 2910 344 2974 domesticos
369 2910 514 2995 parietes
546 2910 828 2994 pertimescemus.
876 2908 965 2972 Loco
993 2910 1051 2973 ille
1083 2917 1193 2973 motus

145 3021 206 3089 est,
227 3036 303 3077 cum
328 3022 439 3077 estex
461 3013 542 3077 urbe
559 3013 729 3097 depulsus.
777 3012 892 3104 Palam
917 3013 982 3076 iam
1006 3034 1082 3076 cum
1100 3014 1194 3077 hoste

145 3118 240 3181 nullo
263 3118 455 3202 inpediente
480 3117 605 3181 bellum
630 3118 756 3181 iustum
779 3138 943 3202 geremus.
990 3115 1068 3180 Sine
1092 3102 1194 3180 dubio
1267 3149 1271 3155 ·

145 3221 351 3305 perdidimus
368 3222 535 3286 hominem
559 3221 802 3307 magnificeque
826 3221 979 3297 vicimus,
1000 3242 1076 3284 cum
1096 3222 1193 3285 illum
1218 3237 1245 3282 15

145 3347 186 3389 ex
205 3326 345 3389 occultis
360 3324 491 3389 insidiis
508 3326 541 3387 in
567 3332 721 3410 apertum
743 3324 956 3389 latrocinium
980 3325 1192 3389 coniecimus

146 3428 248 3508 Quod
263 3450 342 3493 vero
359 3450 425 3492 non
442 3435 620 3493 cruentum
636 3448 840 3505 mucronem,
858 3436 898 3493 ut
920 3428 1042 3506 voluit,
1060 3430 1193 3505 extulit,
1210 3432 1231 3495 2

145 3532 238 3617 quod
260 3534 346 3597 vivis
368 3532 463 3597 nobis
485 3554 637 3619 egressus
658 3539 721 3609 est,
747 3531 838 3617 quod
858 3533 889 3597 ei
908 3530 1035 3597 ferrum
1055 3556 1071 3597 e
1095 3534 1195 3596 mani·

144 3637 206 3701 bus
232 3637 444 3713 extorsimus,
471 3638 562 3722 quod
592 3636 777 3701 incolumes
805 3638 917 3713 cives,
935 3636 1027 3721 quod
1050 3644 1193 3702 stantem

145 3742 261 3807 urbem
297 3742 445 3827 reliquit,
485 3750 611 3827 quanto
651 3741 787 3806 tandem
816 3742 913 3805 illum
945 3757 1090 3805 maerore
1122 3764 1193 3807 esse
1217 3757 1247 3801 ao

145 3844 317 3911 adflictum
355 3854 390 3914 et
426 3844 640 3935 profligatum
679 3845 832 3930 putatis?
891 3844 984 3908 Iacet
1014 3844 1072 3908 ille
1104 3865 1194 3909 nnnc

656 3949 688 3999 lo
