2800 4367
411 341 417 355 ’
529 356 610 409 ear.
635 358 691 419 ee,
716 359 730 419 s
752 358 824 407 ara.
1182 350 1224 412 33

169 548 204 595 v.
228 529 406 616 Intellego,
428 527 568 606 iudices,
592 528 652 593 tris
684 528 789 592 totius
819 528 1040 594 accusationis
1063 533 1168 614 partis
1186 537 1221 597 11

125 634 241 709 fuisse,
258 641 293 699 et
314 654 428 698 earum
450 653 552 697 unam
575 632 612 695 in
636 632 892 716 reprehensione
917 634 1018 709 vitae,
1033 634 1172 700 alteram

124 740 160 802 in
175 738 391 804 contentione
403 737 590 824 dignitatis,
608 738 743 801 tertiam
758 738 794 799 in
814 737 1009 803 criminibus
1025 739 1171 805 ambitus

124 864 195 909 esse
226 844 401 908 versatam.
463 842 580 925 Atque
610 840 728 905 harum
759 842 863 905 trium
893 844 1039 926 partium
1066 846 1172 929 prima

123 948 190 1024 illa,
222 969 307 1033 quae
332 946 529 1033 gravissima
556 944 698 1011 debebat
724 966 806 1021 esse,
823 946 871 1011 ita
893 945 963 1012 fuit
985 948 1115 1011 infirma
1137 957 1209 1014 ets

123 1051 217 1127 levis,
243 1059 283 1115 ut
306 1052 382 1115 illos
412 1051 469 1114 lex
500 1050 606 1135 magis
643 1049 808 1133 quaedam
841 1052 1046 1115 accusatoria
1070 1075 1172 1137 quam

124 1176 203 1220 vera
225 1156 311 1220 male
333 1152 468 1219 dicendi
497 1153 641 1218 facultas
662 1153 704 1220 de
728 1154 798 1218 vita
814 1152 851 1217 L.
876 1154 1039 1220 Murenae
1062 1156 1171 1222 dicere

123 1258 252 1344 aliquid
268 1259 424 1344 eo'egerit.
473 1257 614 1323 Obiecta
630 1264 682 1321 est
704 1258 793 1322 enim
809 1258 910 1334 Asia-3
935 1279 1021 1343 quae
1044 1260 1169 1326 abhoc

123 1386 190 1429 non
215 1363 258 1429 ad
284 1364 494 1447 voluptatem
522 1370 556 1427 et
587 1362 757 1426 luxuriam
794 1364 945 1447 expetita
969 1355 1030 1440 est,
1053 1365 1170 1431 sedin

123 1470 259 1533 militari
290 1468 401 1533 labore
436 1474 621 1554 peragrata.
685 1467 754 1546 Qui
784 1469 813 1531 si
843 1466 1039 1535 adulescens
1076 1478 1170 1553 patre
1194 1486 1222 1531 10

122 1595 184 1638 suo
209 1574 405 1657 imperatore
432 1594 499 1637 non
531 1572 718 1648 meruisset,
743 1578 803 1635 aut
825 1571 954 1636 hostem
977 1580 1037 1637 aut
1067 1576 1171 1657 patris

122 1678 300 1762 imperium
316 1677 469 1741 timuisse
486 1683 547 1740 aut
569 1697 588 1739 a
612 1681 750 1760 parente
775 1674 971 1759 repudiatus
988 1676 1168 1741 videretur.
1253 1755 1270 1771 ,

122 1783 190 1858 An,
218 1804 293 1847 oum
324 1781 438 1846 sedere
463 1781 499 1844 in
530 1781 626 1865 equis
657 1779 938 1863 triumphantium
969 1783 1169 1864 praetextati

121 1887 331 1971 potissimum
356 1886 417 1949 filii
443 1885 582 1959 soleant,
608 1884 687 1948 huic
713 1883 810 1947 donis
839 1883 1038 1947 militaribus
1065 1886 1169 1969 patris

123 1990 329 2074 triumphum
357 1988 511 2053 decorare
544 1987 746 2074 fugiendum
777 1985 855 2064 fuit,
887 1995 927 2049 ut
956 1986 1055 2052 rebus
1085 2009 1170 2052 com·
1193 2006 1221 2050 rs

123 2095 269 2158 rnuniter
293 2095 397 2179 gestis
423 2114 527 2178 paene
558 2093 659 2157 simul
690 2114 766 2156 cum
797 2098 890 2175 patre
921 2092 1167 2176 triumpharet?

123 2198 190 2263 Hic
215 2219 304 2273 veno,
333 2197 471 2273 iudices,
499 2204 534 2261 et
560 2195 627 2261 luit
654 2198 689 2259 in
716 2196 801 2259 Asia
823 2203 859 2260 et
876 2196 948 2259 viro
971 2195 1164 2274 fortissimo,
1183 2202 1221 2264 12

121 2304 254 2387 parenti
278 2323 350 2378 suu,
373 2323 494 2388 magno
520 2301 715 2365 adiumento
739 2301 774 2362 in
799 2300 968 2384 perieulis,
987 2300 1110 2365 solacio
1133 2303 1169 2364 in

121 2406 299 2481 laboribus,
326 2406 546 2492 gratulationi
577 2406 611 2468 in
632 2405 779 2479 ¹victoria
809 2403 885 2467 fuit.
932 2403 978 2467 Et
1007 2404 1037 2469 si
1067 2405 1169 2470 habet

122 2512 206 2577 Asia
220 2512 445 2596 suspicionem
466 2510 618 2573 luxuriae
645 2507 823 2591 quandam,
840 2528 908 2570 non
933 2506 1052 2572 Asiam
1075 2529 1168 2572 num·
1191 2526 1220 2571 ao

120 2639 221 2703 quam
249 2617 384 2692 vidisse,
402 2613 462 2680 sed
484 2615 518 2677 in
542 2613 626 2677 Asia
649 2612 861 2676 continenter
886 2611 1011 2676 vixisse
1032 2612 1169 2677 laudan-

120 2721 202 2785 dum
217 2730 278 2787 est.
325 2720 435 2799 Quam
451 2717 578 2783 obrem
594 2738 661 2783 non
683 2716 784 2780 Asiae
806 2736 929 2780 nomen
954 2715 1165 2782 obiciendum

121 2825 282 2890 Murenae
308 2824 384 2899 fuit,
412 2845 454 2889 ex
482 2843 550 2908 qua
574 2821 648 2885 laus
674 2819 830 2896 familiae,
861 2820 1020 2883 memoria
1041 2824 1167 2907 generi,

120 2929 225 2993 honos
247 2936 282 2993 et
299 2929 405 3014 gloria
428 2927 554 2991 nomini
582 2926 767 2991 constituta
791 2930 852 3000 est,
868 2923 929 2987 sed
948 2923 1087 3008 aliquod
1108 2935 1168 2991 aut

120 3034 156 3095 in
179 3034 262 3097 Asia
286 3039 480 3116 susceptum
506 3038 566 3095 aut
594 3052 636 3095 ex
662 3029 747 3093 Asia
771 3026 983 3112 deportatum
1002 3026 1167 3114 flagitium
1191 3048 1219 3091 rs

119 3158 158 3201 ae
175 3136 330 3202 dedecus.
378 3135 542 3200 Meruisse
559 3156 637 3199 vero
660 3131 828 3217 stipendia
849 3132 885 3194 in
901 3152 940 3195 eo
962 3130 1059 3207 bellu,
1076 3133 1168 3218 quod

120 3248 193 3305 tum
210 3241 354 3327 populus
372 3241 541 3304 Romanus
559 3260 626 3303 non
646 3237 744 3301 modo
771 3235 965 3311 maximum,
981 3235 1042 3300 sed
1066 3238 1167 3301 etiarn

119 3346 230 3410 solum
253 3343 398 3431 gerebat,
426 3342 571 3415 virtutis,
598 3348 692 3425 patre
718 3342 917 3423 imperatore
947 3338 1166 3405 libentissime

120 3450 278 3513 meruisse
301 3447 446 3532 pietatis,
469 3445 569 3509 finem
592 3443 835 3528 stipendiorum
860 3443 964 3528 patris
991 3444 1165 3535 victoriam

119 3574 157 3616 ac
173 3552 382 3636 triumphum
394 3550 497 3614 fuisse
519 3549 691 3613 felicitatis
711 3547 786 3611 fuit.
833 3546 1017 3613 Maledicte
1030 3548 1166 3633 quidem
1190 3566 1219 3611 uc

120 3655 243 3721 ideireo
269 3655 355 3719 nihil
381 3656 417 3718 in
443 3654 534 3719 hisce
563 3653 661 3718 rebus
687 3652 751 3716 loci
768 3659 830 3729 est,
848 3650 940 3736 quod
959 3653 1070 3717 omnia
1093 3653 1167 3719 laus

120 3767 436 3931 ociliilaSvailtatorem
454 3862 601 3953 appellat
617 3860 653 3923 L.
666 3860 842 3928 Murenam
860 3858 956 3929 cato.
1005 3860 1164 3929 Maledic-
1180 3864 1217 3931 13
