2800 4367
461 337 541 388 cnr.
563 339 636 400 e-ro,
660 339 674 400 s
692 293 778 390 11-11.
947 358 952 369 ·
1154 330 1194 393 95

75 509 224 576 delerit.
270 510 312 575 Id
327 532 369 574 ne
385 532 544 595 umquam
562 509 701 595 posthac
726 532 792 573 non
817 510 915 574 modo
939 511 1067 588 confici,
1084 514 1142 578 sed

76 636 129 677 ne
147 616 291 700 cogitari
307 613 567 700 quidempossit
583 635 603 677 a
618 614 759 689 civibus,
776 614 937 679 hodierno
961 615 1013 680 die
1029 599 1145 701 provi·
1166 639 1195 684 25

76 717 242 782 dentium
257 726 318 784 est.
365 721 482 805 Atque
505 719 598 795 haec,
615 740 683 783 non
708 726 832 795 111103,
849 721 908 804 qui
933 721 1013 783 mihi
1029 722 1141 791 studio

77 845 198 907 paene
222 825 447 908 praecurritis,
465 824 656 899 excitarem,
674 824 810 888 locutus
829 846 914 900 sum,
931 824 991 889 sed
1007 834 1046 888 ut
1069 850 1142 891 mea

78 950 169 1004 vox,
202 951 289 1013 quae
319 927 420 994 debet
449 949 521 992 esse
553 929 588 991 in
619 950 653 992 re
686 927 821 1013 publica
848 929 1012 1013 princeps,
1038 930 1145 996 officio
1203 921 1204 926 ¹

79 1031 211 1097 functa
227 1033 393 1097 consulari
410 1032 591 1096 videretur.

131 1155 173 1200 x.
199 1136 308 1211 Nunc,
325 1145 507 1222 antequam
523 1135 566 1200 ad
580 1137 782 1201 sententiam
796 1135 905 1213 redeo,
919 1138 960 1202 de
969 1161 1024 1203 me
1037 1161 1143 1223 pauca
1155 1145 1195 1206 20

80 1241 212 1306 dicam.
260 1241 344 1328 Ego,
375 1248 503 1325 quanta
528 1263 646 1304 manus
669 1247 723 1306 est
753 1242 1012 1318 coniuratorum,
1041 1266 1141 1328 quam

82 1346 217 1410 videtis
243 1368 314 1410 esse
338 1366 564 1432 permagnam,
595 1352 723 1410 tantam
736 1368 804 1410 ·me
828 1347 1038 1411 inimicorum
1063 1349 1144 1412 mul·

80 1449 274 1515 titudinem
290 1450 475 1534 suscepisse
487 1449 606 1525 ,vide03
629 1449 777 1514 sedeam
794 1471 864 1515 3333
882 1449 993 1514 iudico
1010 1459 1140 1535 turpem

83 1563 123 1619 et
137 1555 319 1619 infirmam
347 1562 381 1620 et
407 1554 579 1619 abiectam.
627 1553 759 1633 Quodsi
787 1553 969 1638 aliquando
1000 1555 1143 1620 alicuius
1180 1571 1195 1616 5

83 1659 205 1724 furore
237 1667 273 1723 et
301 1659 425 1724 scelere
457 1659 625 1724 concitata
656 1680 774 1722 uranus
805 1659 869 1722 ista
893 1659 968 1744 plus
999 1658 1144 1724 valuerit

86 1786 195 1848 quam
208 1770 320 1828 vestra
334 1784 372 1827 ac
388 1764 437 1827 rei
448 1762 603 1848 publicae
619 1761 777 1849 dignitas,
796 1785 847 1828 me
866 1769 977 1827 tamen
994 1784 1143 1828 meorum

85 1868 261 1932 factorum
273 1875 374 1952 atque
388 1868 603 1932 consiliorum
616 1889 811 1952 numquam,
825 1874 936 1954 patres
950 1868 1140 1952 conscripti,

87 1970 288 2058 paenitebit.
336 1971 471 2036 Etenim
488 1994 586 2048 mors,
599 1994 700 2056 quam
713 1973 763 2036 1111
776 1971 917 2036 fortasse
932 1972 1139 2048 minitantur,

88 2077 249 2141 omnibus
274 2085 327 2141 e'st
350 2084 485 2163 parata3
510 2078 600 2141 vitae
625 2085 752 2140 tantam
779 2076 923 2153 laudem,
941 2084 1069 2161 quanta
1086 2098 1144 2142 vos
1169 2096 1197 2142 10

89 2204 144 2246 me
177 2182 299 2246 vestris
329 2179 471 2246 decretis
493 2181 716 2256 honestastis,
742 2203 838 2244 nemo
869 2188 922 2245 est
952 2180 1141 2246 adsecutus.

90 2286 226 2350 Ceteris
243 2286 331 2350 enim
347 2284 431 2350 hene
448 2292 552 2371 gesta,
572 2285 653 2348 mihi
669 2285 729 2348 uni
747 2293 991 2350 conservatam
1009 2285 1145 2370 publica

89 2390 353 2476 gratulationem
370 2388 575 2453 decrevistis.
622 2387 674 2452 Sit
697 2387 809 2473 Scipio
833 2389 941 2454 clarus
965 2390 1194 2466 1113,011111321

90 2494 234 2559 consilio
249 2501 350 2579 atque
367 2494 495 2559 virtute
513 2492 682 2558 Hannibal
698 2493 734 2556 111
752 2493 902 2557 Africam
919 2493 1024 2558 redire
1041 2502 1143 2578 atque

92 2599 195 2663 Italia
211 2596 371 2663 decedere
388 2604 523 2662 coactus
546 2605 607 2673 est,
624 2604 763 2660 ornetur
787 2597 872 2661 alter
898 2599 1019 2660 eximia
1045 2597 1144 2660 laude
1170 2612 1197 2656 15

93 2702 290 2779 Africanus,
313 2703 372 2788 qui
396 2701 479 2766 duas
502 2701 601 2766 urbes
628 2701 707 2765 huic
733 2703 871 2786 imperio
898 2701 1141 2776 infestissimae,

93 2806 334 2893 Carthaginem
375 2806 673 2889 Numantiamque,
718 2805 854 2881 delevit,
894 2804 1056 2869 habeatur
1094 2806 1145 2869 vir

93 2913 252 2998 egregius
275 2910 402 2974 Paulus
429 2911 496 2985 ille,
521 2909 617 2973 cuius
643 2929 776 2972 currum
805 2931 863 2973 rex
889 2911 1143 2993 potentissimus

94 3015 265 3101 quondam
282 3023 318 3080 et
333 3015 560 3078 nobilissimus
586 3013 705 3078 Perses
729 3013 932 3088 honestavit,
950 3016 994 3076 sit
1010 3021 1143 3078 aeterna
1256 3087 1257 3091 Ἰ

95 3120 201 3206 gloria
217 3119 356 3194 Marius,
373 3118 499 3202 quibis
516 3112 647 3181 Italiam
681 3115 853 3180 obsidione
878 3123 913 3180 et
937 3125 1029 3180 metu
1046 3117 1146 3182 servi·
1168 3129 1198 3174 20

97 3225 180 3287 tutis
210 3223 376 3298 liberavit,
405 3229 627 3307 anteponatur
651 3221 805 3286 omnibus
831 3220 1022 3306 Pompeius,
1049 3223 1144 3286 cuius

97 3349 147 3392 res
162 3335 278 3414 gestae
294 3335 397 3410 atque
414 3314 558 3391 virtutes
581 3324 684 3389 isdem
710 3326 832 3410 quibus
856 3326 935 3390 solis
959 3347 1076 3390 cursus
1099 3348 1146 3390 13-

98 3430 253 3517 gionibus
277 3448 317 3494 ac
339 3430 490 3494 terminis
518 3417 755 3504 continentum
787 3429 852 3493 erit
883 3429 1034 3514 profecto
1058 3432 1146 3495 inter

98 3535 216 3599 horum
246 3533 363 3599 laudes
393 3533 524 3618 aliquid
555 3533 619 3597 1001
654 3541 786 3597 nostrae
810 3534 947 3618 gloriae,
972 3535 1035 3598 nisi
1060 3534 1144 3598 forte

100 3641 203 3704 maius
219 3646 272 3704 est
289 3637 479 3723 patefacere
503 3637 598 3701 nobis
622 3637 821 3721 provinciae,
839 3658 907 3720 quo
931 3638 1021 3701 exire
1046 3639 1146 3722 possi·
1168 3655 1197 3700 aa

100 3766 180 3821 mus,
205 3765 307 3829 quam
330 3763 456 3818 curare,
481 3749 521 3805 ut
547 3742 646 3805 etiam
663 3742 724 3818 illi,
749 3742 808 3826 qui
833 3739 966 3817 absunt,
989 3739 1142 3816 habeant,

101 3868 165 3931 quo
191 3849 335 3913 victores
362 3841 585 3912 revertantur.
646 3843 860 3930 Quamquam
892 3854 944 3910 est
974 3866 1041 3908 uno
1072 3846 1197 3910 100022
