2800 4367
26 304 28 411 l
442 356 524 408 oar.
548 357 637 420 siaa,
660 357 818 420 1111111
1120 344 1183 412 227

26 516 28 597 l
58 531 168 596 turias
216 531 294 596 illis
330 517 564 596 rirercennariis
594 528 752 615 gregibus
783 527 885 594 duces
916 535 952 594 et
972 535 1133 594 'auctores

57 638 181 712 luisse,
218 659 303 702 cnm
334 637 406 720 ipse
436 635 523 700 lator
553 634 638 698 nihil
674 633 718 698 ab
753 633 873 698 horum
912 634 1132 718 turpitudine,

57 741 225 816 andacia,
259 739 417 804 sordibus
445 738 647 804 abhorreret.
708 738 759 803 At
788 759 865 802 cum
895 737 937 803 de
968 739 1133 825 dignitate

26 914 27 921 ¹
58 867 131 910 mea
150 845 352 919 ferebatur,
369 865 468 908 nemo
485 843 549 908 sibi
574 864 636 907 nec
652 841 859 908 valetudinis
882 844 1133 907 excusationem

58 973 120 1015 nec
146 949 354 1014 senectutis
376 948 457 1012 satis
480 949 604 1012 iustam
627 947 782 1032 putavit3
806 968 904 1011 nemo
920 945 997 1023 luit,
1015 947 1075 1034 qui
1098 969 1133 1012 se
1157 964 1185 1010 30

59 1077 125 1118 non
145 1076 231 1119 rem
249 1053 422 1138 publicam
440 1073 570 1117 mecum
587 1052 691 1116 simul
706 1071 862 1117 revocare
885 1052 921 1115 in
943 1071 1023 1117 suas
1038 1051 1133 1118 sedes

57 1159 315 1223 arbitraretur.

97 1281 193 1326 Lm.
240 1261 431 1326 Videamus
454 1283 545 1326 nunc
575 1261 711 1326 comitia
735 1261 1003 1348 magistratuum.
1050 1259 1132 1324 Fuit
1148 1263 1205 1326 113

57 1368 275 1454 conlegium
307 1386 415 1451 nuper
445 1363 675 1441 tribunicium,
708 1365 743 1428 in
785 1386 854 1449 quo
885 1371 953 1430 tres
985 1365 1131 1441 minime,

58 1473 302 1537 vehementer
332 1470 401 1535 duo
432 1470 610 1556 populares
641 1457 932 1534 existimabantur.
994 1469 1048 1532 Ex
1078 1470 1129 1546 iis,

57 1579 120 1662 qui
151 1576 352 1662 populares
378 1597 446 1639 non
473 1574 694 1651 habebantur,
720 1573 843 1659 quibus
871 1575 906 1638 in
930 1574 989 1638 illo
1011 1595 1132 1660 genere

26 1678 27 1757 ᾗ
58 1682 332 1747 conductarum
347 1681 541 1745 contionum
559 1678 767 1745 consistendi
790 1685 938 1764 potestas
962 1700 1029 1742 non
1052 1687 1133 1756 erat,
1171 1695 1186 1740 o

58 1788 130 1851 dno
157 1809 182 1850 a
212 1785 346 1871 populo
363 1785 513 1849 Romano
535 1792 705 1870 praetores
729 1783 828 1849 video
849 1805 920 1848 esse
937 1783 1063 1859 factos3
1087 1790 1132 1860 et,

58 1900 247 1977 quantum
282 1888 492 1954 sermonibus
523 1887 620 1974 vulgi
649 1895 684 1954 11
722 1886 893 1974 suffragiis
936 1888 1132 1974 intellegere

57 1998 176 2082 potui,
198 2017 287 2082 prae
303 2017 339 2059 se
363 1994 509 2079 populus
536 1993 708 2058 Romanus
733 1992 863 2058 ferebat
887 1992 951 2057 sibi
977 1993 1072 2056 illum
1097 1994 1132 2056 in
1170 2008 1171 2011 ’

58 2103 259 2168 tribunatu
279 2099 341 2163 Cn.
359 2099 488 2163 Domiti
504 2099 654 2162 animum
672 2105 885 2163 constantem
901 2105 937 2162 et
959 2099 1134 2185 egregium

57 2217 94 2272 11
128 2207 177 2287 Q.
220 2203 375 2269 Anchari
407 2202 506 2268 fidem
538 2225 576 2268 ac
607 2202 854 2278 fortitudinem,
886 2203 1019 2267 etiamsi
1050 2203 1136 2267 nihil
1158 2218 1187 2264 10

57 2335 167 2399 agere
194 2309 406 2395 potuissent,
424 2315 536 2372 tamen
560 2309 737 2374 voluntate
763 2307 835 2392 ipsa
857 2315 992 2394 gratum
1018 2306 1132 2373 fuisse.

60 2419 135 2480 lam
155 2415 208 2479 de
227 2413 270 2477 C.
288 2412 418 2476 Fannio
435 2433 521 2497 quae
544 2413 590 2477 sit
609 2412 826 2488 existimati0,
845 2411 1017 2486 videmus3
1042 2411 1134 2497 quod

57 2521 245 2586 iudicium
264 2517 392 2602 ,pepuli
424 2516 564 2581 Romani
596 2517 631 2579 in
662 2515 843 2581 honoribus
874 2517 946 2581 eius
977 2515 1131 2581 futurum

58 2627 118 2701 sit,
144 2622 289 2688 nemini
316 2620 457 2686 dubium
484 2641 555 2685 esse
583 2619 694 2685 debet.
741 2620 858 2699 Quid?
880 2621 1058 2705 populares
1081 2621 1131 2684 illi
1149 2623 1208 2684 114

57 2729 134 2793 duo
155 2726 255 2813 quid
281 2724 451 2811 egerunt?
495 2724 605 2800 Alter,
630 2725 690 2809 qui
714 2732 827 2789 tamen
852 2746 887 2788 se
911 2724 1134 2802 continuerat,
1160 2740 1188 2784 15

60 2834 206 2898 tulerat
239 2829 337 2905 nihil,
368 2835 518 2893 senserat
548 2836 680 2893 tantum
713 2828 754 2894 de
787 2851 821 2894 re
858 2828 992 2914 publica
1030 2828 1133 2907 aliud,
1206 2913 1208 2922 J

58 2947 180 3023 atque
194 2933 356 2999 homines
380 2932 634 3018 exspectabant,
651 2935 704 2998 vir
728 2940 763 2997 11
785 2933 892 2998 bonus
916 2941 952 2998 et
974 2935 1133 2999 innocens
1206 2923 1208 2966 ³

60 3049 102 3104 et
128 3039 240 3104 bonis
265 3037 348 3102 viris
370 3057 502 3121 semper
523 3037 694 3120 probatus,
720 3037 812 3122 quod
835 3059 951 3123 parum
977 3027 1135 3107 videlicet

58 3142 257 3210 intellexit
280 3142 316 3204 in
342 3139 528 3217 tribunatu,
557 3140 642 3226 quid
667 3163 747 3224 vero
774 3143 897 3227 populo
925 3125 1132 3226 probaretur,

60 3259 104 3314 et
119 3245 227 3334 quod
243 3246 341 3309 illum
358 3267 431 3310 esse
447 3245 612 3330 populum
629 3247 830 3323 Romanum,
848 3247 908 3331 qui
929 3247 962 3310 in
980 3247 1135 3312 contione
1157 3262 1187 3308 ac

60 3362 155 3430 erat,
189 3349 430 3426 arbitrabatur,
461 3370 529 3414 non
560 3351 673 3414 tenuit
703 3372 780 3415 enm
810 3351 934 3428 locum,
961 3352 1131 3436 inquam,

60 3460 138 3524 nisi
179 3454 361 3543 popularis
397 3475 468 3520 esse
507 3454 680 3531 voluisset,
712 3454 883 3520 facillume
915 3457 1132 3541 pervenisset.

63 3565 188 3640 Alter,
226 3560 290 3645 qui
326 3560 375 3623 ita
411 3581 447 3624 se
485 3560 520 3622 in
553 3559 708 3644 populari
746 3561 874 3625 ratione
914 3562 1063 3637 iactarat,
1094 3567 1135 3626 ut

62 3667 243 3753 auspicia,
276 3664 386 3750 legem
416 3663 560 3739 Aeliam,
599 3671 738 3729 senatus
775 3665 1020 3741 auctoritatam,
1059 3674 1139 3730 con-'

65 3774 197 3848 sulem,
245 3768 403 3854 collegas,
444 3767 608 3833 honorum
645 3767 811 3832 indicium
854 3769 951 3831 nihili
989 3777 1134 3854 putaret,
1157 3784 1186 3831 25

66 3875 292 3940 aedilitatem
308 3872 431 3954 petivit
447 3893 525 3936 cum
540 3870 636 3936 bonis
653 3872 734 3936 viris
752 3878 788 3961 11
798 3871 990 3938 homiuibus
1002 3874 1130 3958 primis,
1203 3921 1205 3930 ,
