2800 4367
378 350 433 402 rr.
458 350 549 412 xxr„
574 351 587 413 s
609 351 669 410 ea
698 349 804 412 xxu,
829 351 844 413 c
869 351 922 400 1-5.
1157 339 1219 402 171

116 521 263 600 Amicis,
279 522 403 608 quibus
419 523 568 598 v‘oluisti,
585 523 638 608 egi
655 522 779 607 gratias
795 528 831 586 et
852 543 907 587 eas
928 521 1058 586 litteras
1082 520 1170 587 Dex-

115 627 207 712 ippo
221 627 295 692 dedi
312 649 432 711 meque
448 626 489 690 de
505 647 620 690 eorum
643 625 753 691 officio
776 626 893 711 scripsi
909 645 928 688 a
944 633 976 689 te
994 627 1169 692 certiorem

116 751 199 796 esse
213 731 348 796 factum.
396 730 554 795 Pisonem
570 737 724 795 nestrum
739 729 877 794 mirifico
903 751 974 794 esse
997 729 1111 794 studio
1134 732 1169 794 in

116 856 188 898 nos
204 843 237 900 et
251 835 358 901 officio
375 843 412 900 et
426 858 488 922 ego
510 835 674 920 perspicio
698 841 733 899 et
757 856 871 899 omnes
886 833 1110 920 praedicant:
1135 834 1169 899 di

117 937 244 1017 faxint,
256 948 294 1004 ut
306 941 365 1004 tali
378 961 502 1027 genero
517 939 600 1002 mihi
615 941 784 1024 praesenti
800 947 912 1004 tecum
927 940 1029 1003 simul
1044 948 1168 1006 etcum
1193 955 1222 1000 aa

116 1043 236 1108 liberis
263 1046 385 1109 nostris
413 1043 481 1107 frui
508 1042 624 1108 liceat!
671 1043 771 1108 Nunc
799 1065 874 1128 spes
897 1043 1035 1128 ‚reliqua
1059 1045 1168 1110 estin

119 1150 222 1212 novis
238 1147 380 1213 tribunis
397 1149 442 1233 pl.
459 1156 495 1212 et
517 1149 551 1210 in
575 1148 690 1232 primis
714 1146 851 1232 quidem
875 1146 1013 1223 diebus3
1038 1169 1124 1224 nam,
1141 1149 1168 1213 si

118 1251 326 1331 inveterarit‚
339 1261 452 1318 aetum
467 1259 529 1317 est.
576 1251 626 1316 Ea
640 1273 675 1317 re
691 1251 735 1315 ad
751 1258 784 1316 te
800 1252 913 1316 statim
927 1252 1164 1318 Aristocritum
1187 1258 1208 1318 4

119 1357 211 1433 misi,
226 1366 265 1422 ut
279 1357 321 1422 ad
337 1381 389 1422 me
405 1358 566 1422 continuo
581 1357 680 1420 initia
695 1377 807 1422 rerum
822 1363 857 1421 et
878 1358 1039 1421 rationem
1063 1359 1167 1422 totius

120 1463 249 1548 negotii
271 1483 384 1547 posses
407 1461 560 1536 scribere,
577 1461 640 1526 etsi
665 1461 821 1546 Dexippo
844 1482 978 1546 quoque
1002 1462 1049 1525 ita
1072 1463 1172 1546 impc-
1193 1477 1222 1522 30

121 1567 206 1641 ravi,
221 1567 333 1630 statim
349 1573 390 1629 ut
404 1572 600 1640 recurreret,
616 1564 710 1628 etad
733 1563 869 1629 fratrem
894 1566 979 1642 misi,
997 1573 1035 1629 ut
1056 1565 1169 1630 crebro

121 1669 311 1733 tabellarios
328 1670 497 1744 mitteret3
514 1689 590 1731 nam
603 1690 666 1754 ego
677 1690 717 1733 eo
730 1669 863 1733 nomine
875 1690 950 1732 sum
968 1669 1169 1754 Dyrrhachii

122 1771 188 1836 hoc
208 1781 365 1858 tempere,
383 1781 423 1837 ut
447 1793 548 1857 quam
574 1773 753 1850 celerrime,
771 1772 853 1857 quid
877 1780 1005 1860 agatur,
1022 1774 1165 1850 audiam,

122 1884 160 1940 et
181 1899 252 1941 sum
274 1885 370 1953 tut03
394 1878 514 1941 civitas
537 1878 626 1941 enim
651 1878 732 1942 haec
758 1899 888 1962 semper
909 1899 928 1941 a
952 1899 1004 1943 me
1033 1877 1170 1944 defensa

124 1988 186 2044 est.
223 1981 309 2046 Cum
325 1982 452 2045 inimici
470 1983 574 2045 nostri
587 1982 702 2046 venire
716 1981 881 2057 dicentur,
893 1990 966 2046 tum
982 1983 1016 2044 in
1030 1983 1170 2067 Epirum
1192 1999 1221 2043 as

124 2083 189 2148 ibo.
232 2085 333 2164 Quod
359 2085 476 2150 scribis
503 2094 545 2162 te,
564 2087 593 2150 si
616 2087 728 2162 velim,
751 2084 794 2150 ad
822 2107 873 2150 me
897 2094 1084 2162 venturam,
1101 2109 1163 2174 ego
1187 2093 1205 2152 5

127 2211 211 2267 vere,
227 2213 303 2255 cum
328 2191 430 2255 sciam
456 2212 611 2276 magnam
636 2198 766 2275 partem
790 2191 889 2254 istius
914 2191 1023 2254 oneris
1050 2190 1165 2255 abste

126 2297 288 2386 sustineri,
314 2303 348 2360 te
369 2295 445 2360 istic
468 2316 539 2359 esse
563 2295 651 2359 volo.
697 2293 733 2358 Si
755 2294 925 2380 perficitis,
942 2295 1032 2378 quod
1057 2297 1166 2381 agitis,

126 2419 178 2463 me
192 2400 230 2464 ad
246 2422 306 2465 vos
323 2401 437 2465 venire
454 2406 606 2483 opertet3
629 2400 682 2462 sin
707 2407 820 2462 autem
833 2399 946 2463 -sed
973 2399 1055 2461 nihil
1083 2421 1167 2484 opus

128 2510 178 2566 e'st
190 2505 317 2589 reliqua
332 2485 487 2568 scribere.
534 2503 587 2566 Ex
603 2504 718 2588 primis
742 2511 802 2566 aut
822 2525 990 2566 summum
1013 2502 1168 2567 secundis
1191 2520 1222 2565 40

127 2605 240 2672 litteris
256 2610 324 2673 tuis
340 2609 545 2673 constituere
561 2608 756 2693 poterimus
768 2607 850 2691 quid
866 2607 960 2671 nobis
976 2605 1167 2671 faciendum

129 2711 186 2774 sit:
208 2720 244 2776 tu
260 2712 361 2776 modo
376 2712 419 2776 ad
434 2734 486 2776 me
502 2713 604 2777 velim
620 2712 732 2778 omnia
753 2711 1007 2798 diligentissime
1031 2714 1167 2796 perscri-

129 2811 191 2890 bas,
206 2817 267 2882 etsi
283 2817 390 2902 magis
406 2816 474 2879 iam
490 2838 560 2881 rem
576 2838 677 2902 quam
694 2817 823 2880 litteras
839 2815 943 2880 debeo
963 2824 1165 2899 exspectare.

42 2904 43 2907 ¹
132 2914 221 2996 Oura,
238 2927 277 2984 ut
303 2920 415 2985 valeas
441 2928 476 2985 et
500 2921 549 2984 ita
573 2920 634 2985 tibi
664 2917 874 3005 persuadeas,
891 2920 972 2983 mihi
998 2928 1030 2983 te
1058 2922 1165 2984 carius

131 3022 300 3090 nihilcsse
325 3046 387 3089 nec
412 3046 573 3110 umquam
604 3023 720 3089 fuisse.
766 3024 861 3099 Vale,
886 3045 959 3088 mea
990 3023 1167 3100 Terentia3
1190 3042 1219 3085 45

131 3147 222 3210 quam
250 3152 313 3217 ego
344 3129 457 3195 videre
496 3129 629 3195 videor:
668 3130 783 3214 itaque
820 3128 976 3193 debilitor
1011 3129 1164 3194 lacrimis.

131 3227 216 3297 Vale.
260 3234 317 3297 Pr.
335 3233 411 3298 Kal.
431 3233 512 3299 Dec.

37 3410 41 3423 .
129 3386 138 3419 l
