2800 4367
206 333 269 398 236
564 342 638 398 rao
660 342 690 396 r.
715 341 843 398 snsrro
866 343 1014 396 canno.

206 534 234 579 15
255 540 331 582 curn
370 539 409 582 eo
447 538 623 582 commune
661 524 762 593 essct,
794 516 995 602 dignitatern
1033 514 1223 600 propinqui
1264 513 1320 578 sui

258 629 403 686 mentem
419 643 438 685 a
454 621 628 686 Clodianis
644 621 829 686 latrociniis
846 618 1042 696 reflexisset,
1059 641 1210 704 cumque
1236 640 1320 682 eum
1358 636 1359 674 1

143 744 144 747 ’
257 727 300 791 ad
324 726 500 816 domestici
522 727 667 811 exempli
692 726 885 792 memoriam
901 731 936 789 et
958 723 1001 789 ad
1017 723 1191 788 Numidici
1219 723 1318 787 illius
1358 751 1359 758 ¹

254 832 387 896 Metelli
412 852 527 896 casum
542 832 599 896 vel
625 831 809 917 gloriosum
832 830 888 895 vel
911 850 1049 916 gravam
1073 829 1318 903 convertisset,
1358 845 1359 880 3

257 935 523 1000 conlacrumavit
538 935 591 1000 vir
605 935 762 1020 egregius
786 955 824 998 ac
840 955 918 998 vere
942 933 1102 998 Metellus
1126 916 1317 1017 totumque

204 1055 235 1101 ac
254 1061 290 1105 se
318 1039 356 1102 P.
383 1038 527 1105 Servilio
559 1038 685 1104 dicenti
713 1039 814 1104 etiam
845 1045 919 1102 turn
951 1036 1099 1114 tradidit,
1125 1059 1189 1103 nec
1218 1038 1315 1100 illam
1359 1069 1360 1074 1

256 1143 405 1209 divinam
427 1143 627 1230 gravitatem
653 1142 787 1228 plenam
816 1143 1030 1226 antiquitatis
1054 1141 1184 1208 diutius
1210 1142 1316 1206 homo

256 1247 405 1312 eiusdem
430 1247 606 1333 sanguinis
630 1247 744 1331 potuit
766 1248 932 1311 sustinere
959 1253 994 1310 et
1024 1267 1155 1311 mecum
1187 1247 1315 1312 absens

185 1356 239 1418 131
254 1352 415 1418 beneficio
445 1373 507 1417 suo
537 1351 639 1416 rediit
667 1351 704 1414 in
735 1351 888 1437 gratiam.
944 1349 1046 1429 Quod
1076 1358 1177 1427 certe,
1204 1351 1235 1416 si
1262 1358 1317 1415 est

258 1457 364 1541 aliqui
401 1477 520 1522 sensus
550 1457 585 1519 in
621 1463 727 1520 morte
759 1457 1002 1540 praeclarorum
1036 1456 1197 1532 virorum,
1234 1476 1313 1519 curn

203 1581 233 1627 aa
255 1561 409 1625 omnibus
439 1560 599 1637 Metellis,
631 1569 705 1625 tum
737 1581 816 1625 vero
850 1561 910 1623 uni
942 1560 1013 1624 viro
1051 1558 1239 1624 fortissimo
1280 1566 1315 1623 et

258 1666 543 1750 praestantissimo
560 1665 626 1730 civi
645 1664 885 1750 gratissimum,
903 1662 998 1728 fiatri
1022 1685 1093 1740 suo,
1106 1662 1200 1742 fecit,
1218 1664 1311 1728 socio

258 1769 420 1847 laborum,
438 1769 673 1854 periculorum,
690 1768 907 1833 consiliorum
923 1789 1085 1833 meorum.

301 1891 406 1937 axin.
439 1873 581 1938 Reditus
604 1895 683 1938 vcro
709 1894 802 1938 meus
830 1873 890 1956 qui
914 1871 1026 1948 fuerit,
1050 1873 1126 1956 quis
1149 1873 1310 1958 ignorat?

258 2001 359 2063 quem
371 1977 414 2042 ad
426 1978 562 2042 modum
577 1977 660 2040 mihi
675 1976 870 2042 advenienti
883 1984 1054 2061 tamquam
1066 1977 1172 2042 totius
1185 1977 1309 2042 Italiae

255 2090 357 2167 atque
384 2083 489 2167 ipsius
517 2082 644 2166 patriae
671 2080 823 2146 dextram
856 2081 1065 2166 porrexerint
1096 2081 1306 2156 Brundisini,

256 2209 333 2251 cum
364 2187 444 2271 ipsis
475 2177 582 2251 Nonis
614 2185 799 2250 Sextilibus
826 2185 915 2250 idem
943 2185 1013 2250 dies
1040 2184 1209 2251 adventus
1243 2185 1308 2249 mci
1362 2225 1363 2228 =

217 2306 232 2351 5
254 2290 376 2355 fuisset
397 2289 593 2375 reditusque
618 2290 749 2367 natalis,
767 2288 856 2354 idern
879 2290 1065 2354 carissimae
1088 2290 1187 2367 filiae,
1203 2312 1306 2375 quam

256 2417 298 2459 ex
328 2395 524 2480 gravissimo
555 2401 629 2458 turn
661 2395 806 2478 primurn
838 2393 1003 2458 desiderio
1033 2393 1198 2478 luctuque
1233 2416 1307 2459 con-

255 2501 361 2583 spexi,
389 2497 476 2562 idem
508 2498 610 2562 etiarn
634 2498 740 2582 ipsius
772 2498 921 2563 coloniae
954 2497 1186 2574 Brundisinae,
1216 2497 1305 2562 idern

256 2601 391 2678 Salutis,
408 2623 553 2685 cumque
578 2623 630 2666 me
652 2600 772 2666 domus
795 2601 910 2666 eadem
940 2609 1152 2686 optumorum
1177 2609 1213 2666 et
1233 2601 1305 2666 doc-

254 2706 461 2769 tissimorum
499 2706 657 2782 virorum,
690 2706 738 2770 M.
771 2706 876 2771 Laeni
917 2705 1029 2770 Flacci
1063 2713 1099 2771 et
1128 2707 1234 2791 patris
1271 2712 1304 2768 et

204 2825 232 2870 10
253 2809 366 2874 fratris
390 2810 471 2885 eins,
500 2810 681 2875 laetissima
706 2811 899 2895 accepisset,
923 2831 1009 2895 quae
1037 2811 1188 2894 proximo
1216 2830 1301 2875 anno

255 2936 404 2980 maerens
430 2924 601 2999 receperat
623 2922 658 2980 et
680 2937 743 2980 suo
766 2915 932 3000 praesidio
956 2915 1174 3000 periculoque
1191 2916 1302 3005 deien-

256 3019 360 3084 derat.
407 3018 557 3084 Cunctae
583 3020 702 3084 itinere
729 3026 800 3084 toto
829 3018 926 3084 urbes
956 3018 1074 3084 Italiae
1102 3020 1207 3085 festos
1231 3019 1299 3084 dics

254 3145 352 3210 agere
371 3124 538 3189 adventus
561 3125 627 3189 mei
643 3124 854 3201 videbantur,
874 3124 947 3189 viae
974 3123 1191 3189 multitudine
1215 3126 1299 3210 lega-

256 3236 367 3293 torum
405 3228 555 3313 undique
595 3229 773 3294 missorum
813 3228 1074 3306 celebrabantur,
1105 3228 1149 3292 ad
1186 3229 1297 3296 urbem

203 3350 229 3393 15
252 3354 404 3398 accessus
435 3332 623 3398 incredibili
661 3333 836 3398 hominum
875 3332 1093 3398 multitudine
1126 3340 1161 3398 et
1191 3341 1298 3421 gratu-

254 3439 379 3502 latione
405 3436 554 3514 florebat,
576 3437 641 3501 iter
667 3459 687 3500 a
711 3445 815 3522 porta,
840 3438 876 3500 in
903 3437 1108 3524 Capitolium
1132 3457 1295 3510 ascensus,

253 3543 390 3607 domum
414 3541 544 3606 reditus
566 3549 638 3606 erat
663 3543 735 3608 eius
766 3542 866 3619 modi,
892 3550 932 3607 ut
956 3564 1085 3607 summa
1106 3543 1141 3604 in
1171 3541 1295 3608 laetitia

252 3647 339 3711 illud
355 3646 511 3722 dolerem,
528 3647 702 3712 civitatem
717 3655 785 3712 tarn
803 3653 932 3732 gratam
949 3654 1016 3711 tam
1033 3647 1186 3710 miseram
1198 3655 1293 3732 atque

201 3767 230 3810 19
252 3772 440 3834 oppressam
458 3749 573 3833 fuisse.
1207 3763 1211 3770 “

182 3856 238 3916 132
290 3853 404 3918 Habes
436 3855 550 3939 igitur,
588 3855 680 3938 quod
718 3875 759 3919 ex
798 3876 850 3918 me
886 3855 1057 3938 quaesisti,
1090 3856 1150 3940 qui
1188 3861 1292 3921 essent
