2800 4367
180 317 245 387 312
309 333 359 385 nn
376 331 533 384 ruarmo
551 329 608 383 cn.
627 329 768 382 eournr
786 328 839 382 Ao
856 327 1032 394 ocmrrrs
1048 331 1196 386 ouarro.

180 512 219 573 65
235 505 433 591 cupidorum
471 504 644 568 hominum
681 525 780 569 nemo
811 503 1000 570 arbitratur.
1047 503 1194 570 Difficile
1226 514 1292 572 est
1333 559 1336 562 .

195 690 197 693 v
232 611 336 688 dictu,
353 609 513 688 Quirites,
530 610 649 694 quanti
671 610 707 674 in
724 608 800 674 odic
824 609 929 674 simus
951 609 1042 695 apud
1068 616 1201 676 exteras
1224 631 1292 674 na·

231 716 339 780 tiones
356 721 492 799 propter
506 735 630 791 corum,
648 734 733 798 quos
750 713 793 778 ad
819 734 874 778 eas
899 735 959 798 per
983 713 1044 778 hos
1069 735 1174 780 annos
1200 735 1289 780 cum

233 819 371 904 imperio
407 818 569 895 misimus,
597 817 755 882 libidines
787 826 822 882 et
851 819 1000 882 iniurias.
1048 817 1149 897 Quod
1187 821 1287 884 enim

232 923 349 988 fanum
366 924 491 1008 putatis
508 923 543 984 in
565 921 633 986 illis
656 924 752 986 terris
779 923 901 986 nostris
928 922 1178 1009 magistratibus
1204 924 1289 988 reli-

177 1044 208 1088 ao
226 1029 371 1114 giosum,
395 1048 497 1112 quam
523 1027 694 1092 civitatem
721 1033 881 1103 sanctam,
908 1048 1009 1111 quam
1035 1027 1171 1091 domum
1195 1030 1284 1108 satis

233 1132 385 1196 clausum
400 1153 438 1196 ac
455 1133 619 1196 munitam
636 1130 766 1195 fuisse?
811 1130 919 1195 Urbes
945 1133 1011 1195 iam
1039 1133 1226 1217 locupletes
1244 1141 1287 1196 et

222 1238 384 1321 'copiosae
400 1237 629 1321 requiruntur,
647 1235 770 1320 quibus
792 1256 892 1300 cansa
914 1235 995 1300 belli
1017 1245 1152 1322 propter
1167 1236 1287 1322 diripi-

178 1344 218 1408 66
233 1341 311 1405 endi
324 1340 542 1426 cupiditatem
550 1338 725 1405 inferatur.
757 1324 917 1404 Libenter
928 1341 1008 1406 haec
1025 1363 1133 1405 coram
1145 1357 1222 1406 curn
1236 1341 1285 1420 Q.

231 1445 355 1510 Catulo
364 1452 400 1509 et
410 1444 452 1523 Q.
465 1444 656 1520 Hortensio,
667 1444 807 1508 summis
817 1452 852 1508 et
862 1445 1053 1510 clarissimis
1063 1447 1154 1521 viris,
1167 1445 1286 1531 dispu-

177 1564 206 1609 at
229 1556 352 1626 tarem3
376 1559 545 1616 noverunt
560 1552 648 1615 enim
668 1552 835 1615 sociorum
852 1551 1003 1627 vulnera,
1019 1550 1137 1616 vident
1162 1572 1283 1615 eorum

233 1655 449 1732 calamitates,
468 1655 693 1740 querimonias
722 1654 874 1718 audiunt.
922 1654 988 1718 Pro
1013 1655 1111 1718 sociis
1129 1676 1188 1720 vos
1204 1677 1284 1719 con·

233 1764 285 1821 tra
301 1757 412 1822 hostes
429 1759 614 1822 exercitum
633 1759 766 1823 mittere
782 1759 909 1843 putatis
926 1779 968 1822 an
985 1757 1131 1822 hostium
1145 1760 1284 1823 simula-

233 1863 323 1927 tione
339 1871 455 1926 contra
470 1864 576 1928 socios
592 1871 693 1948 atque
711 1863 859 1927 amicos?
905 1861 999 1940 Quae
1025 1863 1144 1927 civitas
1168 1871 1220 1926 est
1242 1865 1281 1926 in

234 1967 326 2044 Asia,
343 1988 429 2052 quae
446 1989 511 2032 non
530 1967 629 2032 modo
645 1968 853 2052 imperatoris
879 1974 939 2030 aut
963 1966 1077 2053 legati,
1094 1967 1153 2030 sed
1177 1968 1281 2032 unius

177 2087 207 2132 40
229 2071 354 2136 tribuni
396 2072 540 2136 militum
581 2073 708 2136 animos
740 2093 778 2135 ac
817 2072 954 2155 spiritus
994 2092 1110 2154 capere
1149 2071 1281 2155 possit?

233 2193 342 2238 xima
380 2175 502 2261 Quarp,
520 2177 649 2264 etiamsi
667 2196 767 2260 quern
784 2174 922 2250 habetis,
940 2175 999 2258 qui
1012 2174 1146 2239 collatis
1171 2175 1279 2260 signis

233 2281 400 2344 exercitus
430 2281 540 2367 regios
571 2301 727 2366 superare
753 2301 849 2364 posse
876 2277 1040 2356 videatur,
1068 2287 1188 2356 tamen,
1213 2282 1280 2345 nisi

231 2386 296 2450 erit
321 2384 419 2462 idern,
437 2386 496 2470 qui
520 2408 556 2451 se
583 2408 602 2450 a
627 2385 779 2470 pecuniis
810 2385 984 2460 sociorum,
1003 2385 1062 2469 qui
1092 2384 1134 2449 ab
1164 2377 1279 2448 eorum
1377 2407 1378 2412 ¹

231 2489 429 2575 coniugibus
445 2510 483 2553 ac
499 2489 622 2566 liberis,
640 2490 699 2573 qui
723 2489 765 2552 ab
780 2510 861 2552 auro
877 2509 1026 2574 gazaque
1042 2489 1134 2574 regia
1149 2510 1278 2566 manus,

193 2607 208 2655 t
230 2594 354 2669 oculos,
371 2595 520 2658 animum
537 2593 690 2658 cohibere
707 2594 823 2676 possit,
837 2615 904 2656 non
921 2593 985 2657 erit
1000 2592 1150 2670 idoneus,
1162 2595 1221 2677 qui
1237 2593 1279 2657 ad

179 2702 220 2763 67
235 2697 361 2762 bellum
378 2697 566 2761 Asiaticum
584 2697 784 2782 regiumque
801 2697 966 2763 mittatur.
1015 2696 1168 2781 Ecquam
1185 2704 1279 2782 puta·

234 2800 277 2864 tis
292 2799 464 2864 civitatem
480 2806 631 2883 pacatam
648 2797 763 2875 luisse,
780 2819 867 2883 quae
894 2799 1044 2885 locuples
1069 2799 1123 2875 sit,
1140 2820 1278 2883 ecquam

234 2924 305 2968 esse
322 2903 534 2986 locupletem,
552 2923 637 2987 quae
655 2903 728 2967 istis
751 2910 870 2989 pacata
897 2924 967 2968 esse
985 2902 1165 2969 videatur?
1210 2903 1278 2967 Ora

234 3007 409 3081 maritima,
424 3006 584 3085 Quirites
604 3005 666 3070 Cn.
691 3006 889 3092 Pompeium
915 3029 983 3072 non
1009 3008 1118 3071 sulum
1144 3014 1279 3092 propter
1377 3025 1378 3028 ’

164 3125 209 3170 .10
232 3112 277 3175 rei
295 3112 445 3176 militaris
462 3111 611 3197 gloriam,
628 3111 687 3176 sed
704 3113 805 3176 etiam
828 3113 1083 3198 propteranimi
1109 3115 1278 3178 coutinen-

233 3217 314 3278 tiam
328 3216 516 3299 requisivit.
564 3216 713 3281 Videbat
735 3218 824 3282 enirn
847 3218 1063 3302 imperatores
1079 3217 1277 3301 locupletari

236 3321 416 3403 quotannis
432 3321 574 3404 pecunia
592 3320 724 3404 publica
755 3327 887 3406 practer
923 3343 1061 3407 paucuS,
1089 3342 1199 3406 neque
1223 3343 1276 3386 eos
1377 3399 1378 3402 Ἴ

236 3423 417 3507 quicquam
433 3423 526 3488 aliud
537 3424 678 3508 adsequi
701 3425 858 3489 classium
885 3426 1029 3502 nomine,
1046 3427 1111 3490 nisi
1126 3432 1167 3490 ut
1182 3425 1277 3490 detri-

237 3529 357 3592 mentis
373 3528 573 3612 accipiendis
586 3529 708 3592 maiore
725 3528 822 3594 adfici
850 3529 1061 3614 turpitudine
1078 3527 1274 3594 videremur.

182 3645 210 3689 15
233 3630 332 3694 Nunc
363 3653 431 3715 qua
460 3632 644 3716 cupiditate
676 3633 827 3698 homines
858 3634 894 3696 in
925 3634 1124 3718 provincias,
1157 3632 1274 3718 quibus

233 3734 370 3798 iacturis
382 3743 417 3799 et
440 3736 561 3819 quibus
584 3736 834 3801 condicionibus
851 3737 1111 3821 proficiscantur,
1124 3738 1276 3822 ignorant
1377 3751 1378 3756 ’

237 3837 397 3905 videlicet
411 3831 478 3916 isti,
496 3842 554 3924 qui
570 3840 613 3904 ad
640 3863 745 3904 unum
775 3839 956 3904 deferenda
980 3843 1090 3906 omnia
1117 3861 1275 3906 essenon
