2800 4367
201 313 266 385 168
557 327 764 384 srrsrornr
786 328 983 386 sermome.

253 503 375 580 nescio,
392 504 456 568 nisi
472 502 515 568 ad
529 524 597 580 eos,
608 505 666 589 qui
682 502 725 568 ed
741 525 793 569 me
809 503 972 580 scribunt,
985 511 1046 569 aut
1061 503 1100 568 de
1116 501 1238 588 quibus
1251 499 1286 566 ad

253 629 307 672 me
330 629 389 672 vos
405 606 533 693 aliquid
556 606 712 672 scribitis.
752 606 920 694 Longius,
944 608 1102 692 quoniam
1133 607 1183 671 ita
1205 605 1290 670 vobis

253 711 373 796 placet,
406 733 474 774 non
514 709 701 786 discedam3
736 710 795 776 sed
832 712 934 776 velim
969 733 1072 796 quam
1107 710 1291 796 saepissime

200 829 231 876 so
251 815 382 881 litteras
408 816 562 890 mittatis,
594 817 788 900 praesertim
808 816 835 880 si
864 813 1026 900 quidest
1053 815 1194 892 firmius,
1211 814 1293 899 quod
1365 845 1366 874 3

252 940 435 1006 speremus.
483 919 613 994 Valete,
636 941 710 984 mea
733 917 908 996 desideria,
926 920 1047 985 valete.
1068 919 1110 983 D.
1134 941 1166 983 a.
1191 917 1224 982 d.
1247 935 1294 981 111.

253 1021 342 1088 Non.
366 1023 442 1089 Oct.
467 1023 714 1088 Thessalonica.
856 1089 857 1092 ,

719 1468 819 1533 XXI.

636 1644 695 1700 (Ar)
711 1643 781 1690 Fare
797 1655 851 1690 xrv.
867 1644 900 1698 1.)

318 1805 475 1854 TULLIUS
504 1804 716 1853 TERENTIAE
746 1804 852 1864 SUAE,
876 1805 1083 1854 TULLIOLAE
1114 1805 1226 1867 SUAE,

460 1910 633 1958 CICERONI
655 1911 725 1958 SUO
749 1911 920 1958 SALUTEM
945 1911 1054 1958 meru.

211 2064 228 2126 1
295 2067 341 2132 Et
384 2069 506 2133 litteris
556 2070 739 2133 multorum
777 2077 812 2133 et
848 2090 998 2134 sermone
1038 2071 1193 2133 omniurn
1230 2090 1286 2154 pes

251 2170 360 2236 fertur
389 2172 507 2239 adme
539 2173 768 2238 incredibilem
799 2180 893 2238 tuam
916 2174 1077 2242 virtutem
1107 2181 1142 2239 et
1167 2174 1298 2238 fortitu·
1366 2155 1367 2162 ἵ

253 2275 367 2341 dinem
389 2299 460 2342 esse
484 2289 585 2362 teque
609 2299 670 2342 nec
694 2277 796 2340 animi
820 2299 926 2363 nequo
951 2279 1097 2366 eorporis
1128 2276 1296 2342 laboribus
1365 2285 1366 2312 l

251 2380 439 2470 defatigari.
487 2383 543 2448 Me
575 2381 752 2446 miserum!
789 2391 822 2447 te
855 2383 917 2447 ista
948 2383 1086 2460 virtute,
1119 2369 1197 2460 fide,
1230 2401 1298 2466 pro

212 2485 364 2563 obitate,
403 2486 612 2552 humanitate
651 2487 686 2550 in
726 2493 837 2550 tantas
868 2507 1043 2552 aerumnas
1075 2497 1216 2572 propter
1246 2505 1294 2548 me

250 2589 418 2666 incidisse,
451 2591 700 2676 Tulliolamque
741 2599 897 2666 nostram,
929 2613 972 2655 ex
1003 2612 1070 2675 quo
1100 2599 1197 2676 patre
1230 2597 1298 2653 tan·
1364 2649 1365 2680 Ξ

251 2701 303 2757 tas
327 2694 519 2777 voluptates
542 2693 704 2779 capiebat,
722 2717 763 2759 ex
786 2716 825 2760 eo
841 2701 953 2758 tantos
975 2695 1144 2780 percipere
1165 2690 1294 2759 luctus!

251 2795 338 2860 Nam
367 2795 450 2881 quid
481 2818 543 2882 ego
574 2797 615 2862 de
653 2798 812 2863 Cicerone
848 2797 980 2864 dicam?
1021 2799 1081 2882 qui
1119 2820 1199 2863 curn
1236 2797 1296 2882 pri-

251 2921 342 2963 mum
384 2922 499 2985 sapere
540 2903 659 2986 coepit,
699 2901 928 2967 acerbissimos
970 2900 1101 2966 dolores
1133 2903 1294 2968 miserias·
1363 2951 1364 2958 κ

198 3019 315 3089 loque
339 3004 496 3089 percepit.
544 3004 639 3084 Quae
670 3007 709 3082 si,
735 3014 773 3070 tu
804 3014 843 3070 ut
873 3005 999 3082 scribis,
1024 3005 1095 3071 fato
1118 3005 1210 3072 facta
1239 3025 1295 3090 pu·
1363 2991 1364 3068 l

250 3117 363 3185 tarem,
402 3107 523 3174 ferrem
553 3111 666 3195 paullo
699 3110 841 3198 facilius,
873 3111 933 3175 sed
969 3111 1079 3174 omnia
1109 3119 1192 3175 sunt
1222 3129 1291 3174 mea

249 3213 349 3297 culpa
379 3215 563 3291 commissa,
589 3216 647 3300 qui
678 3215 720 3279 ab
752 3216 791 3280 iis
823 3237 874 3280 me
905 3215 1008 3278 amari
1039 3215 1210 3299 putabam,
1235 3212 1291 3299 qui

218 3316 458 3396 2invidebant,
491 3341 547 3385 eos
579 3341 645 3383 non
677 3320 850 3405 sequebar,
883 3321 942 3406 qui
975 3319 1144 3405 petebant.
1192 3315 1290 3400 Quod
1362 3363 1363 3398 4

248 3423 277 3486 si
308 3423 430 3489 nostris
463 3424 610 3488 consiliis
635 3425 688 3488 usi
721 3446 868 3506 essemus
892 3446 1001 3510 neque
1025 3423 1115 3510 apud
1138 3446 1200 3489 nos
1224 3432 1291 3488 tan-

197 3534 320 3591 lotum
356 3527 520 3592 valuisset
556 3549 665 3593 sermo
700 3537 760 3592 aut
794 3529 978 3594 stultorum
1015 3530 1196 3594 amicorum
1234 3533 1289 3591 aut

249 3630 483 3715 improborum,
526 3631 707 3697 beatissimi
743 3632 950 3698 viveremus:
994 3655 1094 3710 nunc,
1132 3633 1286 3718 quoniam

248 3756 378 3819 sperare
423 3757 483 3800 nos
522 3737 620 3801 amici
665 3736 791 3813 iubent,
834 3737 918 3802 dabo
956 3759 1100 3823 operam,
1139 3760 1180 3803 ne
1220 3757 1287 3802 mea

248 3835 407 3900 valetudo
431 3844 490 3900 tuo
515 3835 620 3899 labori
647 3835 744 3898 desit.
792 3837 857 3900 Res
889 3846 1016 3920 quanta
1046 3840 1101 3914 sit,
1125 3839 1282 3924 intelligo,
