2800 4367
183 347 247 414 142
533 360 741 411 nrisronau
763 359 959 410 senueris.

182 543 371 598 ross-enatus
394 533 576 596 auctoritas
606 531 819 607 concidisset,
844 529 926 605 fore,
955 539 995 594 ut
1018 539 1125 616 aperte
1155 529 1269 593 metria

232 638 384 722 nequitia
400 659 438 700 ac
454 635 559 700 libido
575 657 699 721 poenas
716 635 758 699 ab
781 636 907 720 optimo
923 656 1058 719 quoque
1081 642 1212 719 peteret
1225 633 1272 695 sui

232 741 366 815 doloris,
384 761 485 826 quem
511 739 753 824 improbissimo
781 739 904 824 cuique
930 739 1099 804 inusserat
1118 737 1274 803 severitas

201 845 429 912 8consulatus
460 845 598 908 rnei-:
631 843 721 908 idem
751 865 815 930 ego
846 845 1034 908 ille—non
1072 844 1161 907 enim
1200 839 1276 903 mihi

233 951 348 1014 videor
363 949 547 1013 insolenter
563 949 710 1036 gloriari,
728 969 806 1013 cum
829 947 870 1012 de
896 969 948 1013 me
973 947 1064 1032 apud
1088 955 1123 1012 te
1150 947 1278 1029 loquor,
1371 955 1372 994 l

183 1055 268 1118 noin
297 1077 336 1118 ea
360 1054 553 1139 praesertim
582 1053 734 1138 eliistola,
760 1073 861 1137 quam
889 1052 966 1116 nolo
993 1051 1036 1116 ab
1061 1052 1134 1115 aliis
1160 1050 1281 1135 legi-
1371 1067 1372 1092 l

232 1157 330 1232 idum,
358 1160 507 1242 inquam,
531 1179 595 1244 ego
622 1158 770 1222 recreavi
796 1155 936 1222 afflictos
964 1157 1093 1221 animos
1120 1156 1281 1221 bonorum
1371 1179 1372 1202 2

232 1283 508 1347 unumquemque
523 1261 722 1326 confirmans
739 1269 773 1326 et
788 1261 957 1336 excitans3
981 1259 1189 1326 insectandis
1207 1277 1283 1322 vero
1371 1283 1372 1304 i

231 1365 513 1452 exagitandisque
544 1365 740 1429 nummariis
766 1363 934 1428 iudicibus
965 1385 1097 1429 omnem
1129 1360 1283 1428 omnibus
1371 1379 1372 1410 1

231 1471 392 1534 studiosis
416 1491 454 1534 ac
478 1469 666 1534 fautoribus
692 1469 784 1533 illius
812 1455 970 1533 victoriae
988 1476 1147 1542 παρρησίαν
1164 1464 1282 1549 eripui,
1371 1493 1372 1512 ,

182 1594 223 1637 115
234 1575 390 1639 Pisonem
405 1575 577 1639 consulem
593 1575 687 1638 nulla
710 1574 744 1637 in
761 1595 795 1637 re
819 1573 1000 1637 consistere
1025 1593 1188 1656 umquam
1212 1588 1284 1632 sum

232 1701 359 1763 passus,
376 1677 575 1762 desponsam
598 1678 724 1741 homini
748 1678 814 1740 iam
838 1675 968 1762 Syriam
992 1675 1112 1752 ademi,
1129 1681 1282 1739 senatum

232 1781 273 1845 ad
289 1783 463 1866 pristinam
478 1795 573 1846 suam
588 1784 803 1846 severitatem
819 1781 973 1845 revocavi
989 1788 1091 1864 atque
1115 1779 1284 1843 abiectum

232 1887 388 1962 excitavi,
421 1886 579 1950 Clodium
609 1894 818 1970 praesentem
849 1884 936 1970 fregi
974 1885 1009 1946 in
1048 1892 1167 1947 senatu
1210 1899 1283 1944 cum

232 1991 381 2054 oratione
412 1999 574 2074 perpetua
605 1991 797 2074 plenissima
828 1989 1015 2076 gravitatis,
1043 1996 1117 2050 tum
1147 1987 1286 2049 alterca-

181 2095 321 2157 motione
349 2093 552 2168 huiusmodi,
581 2115 623 2156 ex
651 2114 718 2178 qua
744 2093 825 2157 licet
849 2113 957 2176 pauca
982 2091 1283 2178 degustes-nam

232 2205 341 2261 cetera
358 2218 423 2259 non
440 2206 582 2280 possunt
597 2196 717 2261 habere
734 2217 843 2280 neque
861 2197 930 2260 vim
947 2217 1056 2280 neque
1070 2202 1285 2260 venustatem

231 2308 357 2364 remoto
374 2300 433 2364 illo
449 2299 561 2363 studio
578 2301 812 2375 contentionis,
826 2321 931 2384 ,quem
948 2302 1040 2374 ἀγῶνα
1057 2320 1116 2363 vos
1139 2296 1285 2383 appella-

202 2405 350 2469 siis-2
375 2425 461 2479 nam,
479 2412 518 2466 ut
542 2403 657 2468 Idibus
682 2403 783 2467 Maiis
808 2405 843 2466 in
871 2411 1026 2468 senatum
1052 2403 1284 2473 convenimus,

233 2517 368 2592 rogatus
405 2529 468 2592 ego
507 2508 709 2571 sententiam
748 2509 854 2571 multa
892 2507 963 2570 dixi
1002 2506 1041 2572 de
1081 2528 1212 2571 summa
1250 2524 1284 2566 re

182 2631 224 2673 125
233 2611 376 2694 publica,
392 2619 493 2694 atque
517 2611 574 2674 ille
599 2611 694 2675 locus
722 2611 881 2675 inductus
907 2632 926 2673 a
951 2632 1003 2675 me
1031 2617 1082 2676 est
1105 2611 1284 2682 divinitus

232 2736 273 2778 ue
305 2735 373 2776 una
403 2715 502 2800 plaga
531 2722 668 2799 accepta
699 2723 810 2800 patres
841 2715 1024 2799 conscripti
1055 2714 1282 2785 conciderent,

233 2839 273 2881 ne
300 2817 499 2891 deficerent3
533 2818 658 2882 vulnus
690 2840 761 2883 esse
793 2818 966 2894 eiusmodi,
994 2817 1085 2902 quod
1116 2818 1196 2881 mihi
1224 2836 1283 2880 nec

232 2920 511 2984 dissimulandum
535 2943 596 2985 nec
620 2922 924 3006 pertimescendum
950 2921 1132 2997 videretur,
1156 2943 1197 2986 ne
1225 2925 1284 2984 ant

233 3023 418 3109 ignorando
435 3025 625 3087 stultissimi
649 3033 709 3088 aut
724 3025 905 3089 metuendo
929 3026 1136 3112 ignavissimi
1160 3025 1284 3088 iudica·
1369 3077 1370 3084 ,

182 3146 225 3191 130
234 3149 362 3191 remur:
395 3126 445 3191 bis
469 3127 660 3191 absolutum
692 3149 764 3193 esse
793 3128 987 3205 Lentulum,
1012 3129 1062 3192 bis
1091 3128 1281 3200 Catilinam,

232 3232 323 3295 hunc
354 3231 491 3294 tertium
523 3233 588 3295 iam
617 3254 689 3296 esse
715 3253 734 3295 a
756 3233 923 3298 iudicibus
954 3235 988 3297 in
1019 3233 1281 3317 rempublicam

159 3342 162 3346 ’
232 3336 427 3398 immissum.
475 3336 614 3413 “Erras
641 3337 759 3400 Clodi:
791 3360 858 3401 non
893 3345 924 3402 te
955 3337 1082 3402 iudices
1114 3338 1199 3414 urbi,
1225 3334 1282 3402 sed

233 3439 356 3502 carceri
372 3446 585 3502 reservarunt
601 3461 710 3522 neque
727 3446 760 3504 te
776 3442 919 3505 retinere
935 3442 970 3504 in
988 3441 1136 3517 civitate,
1153 3442 1214 3507 sed
1230 3461 1280 3506 ex·

233 3543 308 3605 silio
324 3542 454 3625 privare
472 3543 662 3606 voluerunt.
711 3541 944 3620 Quamobrem,
961 3553 1072 3628 patres
1089 3544 1279 3630 conscripti,

183 3646 353 3731 135erigite
384 3646 521 3720 animos,
552 3647 694 3709 retinete
727 3653 873 3709 vestram
908 3646 1118 3732 dignitatem.
1166 3649 1279 3712 Manet

234 3750 292 3812 illa
316 3750 351 3812 in
377 3770 411 3812 re
436 3748 570 3833 publica
595 3748 758 3811 bonorum
790 3751 983 3824 consensio;
1017 3750 1111 3814 dolor
1141 3753 1280 3818 accessit

233 3853 328 3918 bonis
351 3853 442 3930 viris,
460 3853 568 3917 virtus
594 3871 661 3912 non
686 3861 739 3912 est
762 3851 939 3913 imminuta
951 3875 959 3924 ;
983 3853 1068 3914 nihil
1093 3863 1145 3918 est
1170 3855 1277 3920 damni
